2918 4986
181 1002 618 1102 enormium
685 1007 1126 1112 massanum

356 1250 468 1348 nn
525 1252 946 1354 TEMPORE.

457 1544 854 1553 ———..-—..

457 1558 854 1568 -ι------..

338 1757 499 1814 Domuma
520 1756 625 1815 Parra
646 1758 817 1817 onnurns
837 1759 967 1819 Donnu.

115 1902 166 1961 Ad
185 1902 318 1960 Miasena.
363 1902 501 1977 Officium.

116 1984 168 2043 Ad
195 1990 227 2042 te
254 1983 351 2040 levavi
379 1984 508 2040 animam
535 2002 657 2040 meam:
696 1984 780 2041 Deus
807 2004 899 2058 meus,
927 1986 958 2043 in
986 1993 1017 2045 te
1044 1990 1165 2064 confido,
1194 2013 1255 2053 non

53 2065 243 2125 erubescam:
273 2083 367 2140 neque
385 2063 529 2121 irrideant
549 2083 596 2120 me
613 2063 727 2121 inimici
748 2065 826 2123 mei:
860 2067 971 2124 etenim
994 2069 1125 2128 universi
1148 2075 1201 2150 qui
1224 2082 1254 2133 te

54 2151 215 2224 expectant
235 2164 296 2202 non
317 2144 542 2202 confundentur.

113 2242 280 2396 Ii'iiiniiiiis,
295 2322 431 2396 Domine,
448 2323 616 2380 demonstra
629 2322 721 2380 mihi:
742 2328 773 2380 et
786 2324 904 2383 semitas
917 2331 984 2384 tuas
998 2327 1085 2388 edoce
1097 2350 1152 2389 me.

116 2404 232 2557 iiiiii,
255 2484 392 2556 Domine,
415 2483 580 2560 potentiam
602 2490 684 2541 tuam
713 2489 743 2541 et
770 2485 862 2542 veni:
902 2492 938 2544 ut
965 2488 1003 2545 ab
1030 2490 1253 2552 imminentibus

57 2572 242 2644 peccatorum
279 2571 448 2658 nestrorum
482 2564 625 2657 periculis,
656 2570 686 2622 te
713 2584 879 2623 mereamur
904 2576 1077 2646 protegente
1111 2575 1194 2652 eripi,
1222 2582 1253 2633 te

57 2649 201 2706 liberante
222 2645 336 2704 salvara
394 2644 454 2714 Qui
473 2664 550 2702 vrvrs
571 2651 601 2702 et
620 2665 732 2722 regnas.

115 2744 211 2802 Lectio
225 2743 362 2819 Epistola
375 2742 450 2800 beati
463 2741 556 2798 Pauli
570 2739 699 2816 Apostoli
712 2743 752 2799 od
765 2741 912 2801 Romanoa
925 2743 1004 2821 (xiii.
1023 2747 1136 2826 11-14)

64 2825 254 2963 carmes:
274 2823 406 2881 Scientes
419 2822 489 2899 quia
502 2821 575 2879 hora
588 2828 632 2879 est
645 2842 736 2896 aaqetc
749 2825 790 2880 ad
802 2822 962 2881 induimini
976 2826 1138 2887 Dominum
1149 2831 1171 2888 J
1172 2851 1253 2889 esum

120 2947 219 3044 Orod..
252 2983 395 3042 Universi
408 2984 461 3060 qui
475 2988 504 3041 te
519 2987 676 3058 expectant
689 3002 750 3039 non
766 2982 992 3059 confundentur,
1009 2987 1144 3049 Domine.

118 3065 271 3223 helii?
285 3071 360 3138 tuas,
376 3064 513 3137 Domine,
528 3069 613 3120 notas
626 3064 672 3120 fac
685 3062 779 3120 mihi:
800 3069 831 3120 et
845 3064 964 3124 semitas
977 3073 1044 3126 tuas
1054 3069 1142 3130 edoce
1154 3091 1209 3131 me.

125 3227 153 3287 V.
196 3227 326 3286 Ostende
345 3225 438 3298 nobis,
455 3225 591 3296 Domine,
604 3224 833 3283 misericordiam
852 3232 955 3285 tuam:
976 3235 1007 3286 et
1020 3230 1148 3292 salutare
1167 3240 1253 3293 tuum

65 3306 98 3366 da
109 3309 199 3367 nobis

118 3402 278 3480 chamtaia

179 3495 263 3554 Salus
276 3499 395 3564 aeterna,
408 3492 577 3551 indeficiens
590 3492 695 3550 mundi
707 3492 779 3565 vita,

178 3576 247 3634 Lux
259 3575 446 3651 sempiterna,
461 3579 492 3631 et
504 3573 666 3649 redemptio
679 3592 748 3630 vere
761 3579 871 3646 nostra,

179 3656 343 3714 Oondolens
356 3654 485 3712 humana
499 3655 593 3730 perire
607 3653 690 3711 saecla
703 3673 756 3730 per
769 3654 912 3712 tentantis
925 3657 1057 3732 numina,

179 3737 250 3796 Non
263 3736 400 3812 linquens
414 3734 535 3806 excelsa,
552 3734 639 3791 adisti
652 3735 712 3790 ima
725 3735 844 3811 propria
856 3735 1019 3797 clementia.

179 3817 255 3875 Mox
267 3823 321 3874 tua
334 3821 496 3894 spontanea
508 3815 603 3892 gratia
617 3834 765 3872 assumens
778 3815 917 3889 humana,

180 3898 252 3968 Qum
265 3897 385 3955 fuerant
403 3896 519 3974 perdita
532 3894 630 3953 omnia
644 3895 764 3952 salvasti
778 3901 882 3968 terrea,
896 3897 992 3957 ferens
1006 3901 1116 3959 mundo
1134 3905 1249 3980 gaudia.

179 3978 224 4038 Tu
241 3979 354 4036 animas
374 3984 405 4035 et
425 3996 546 4052 corpora
562 3981 670 4049 nostra,
686 3975 811 4048 Ohn‘ste,
827 3977 924 4054 expia,
938 3986 973 4037 ut
992 3981 1138 4057 possideas
1155 3984 1252 4043 lucida

258 4064 374 4117 nosmet
387 4057 572 4130 habitacula;

179 4137 322 4198 Adventu
336 4139 431 4216 primo
446 4137 585 4214 justifica,
600 4138 632 4195 in
646 4138 772 4196 secundo
785 4156 897 4214 nosque
910 4137 1002 4200 libera
1014 4163 1023 4214 3

178 4220 225 4279 Ut
237 4240 303 4279 cum
317 4220 395 4278 facta
408 4219 474 4277 luce
486 4237 600 4295 magna,
611 4219 759 4295 judicabis
772 4219 879 4292 omnia,

181 4301 297 4378 (lompti
317 4301 393 4358 stola
415 4300 585 4377 incorrupta
603 4306 718 4357 nosmet
737 4306 790 4358 tua
807 4301 1027 4377 subsequamur,
1048 4324 1110 4376 rex,
1130 4306 1254 4384 vestigia

255 4382 363 4440 incocti
376 4381 451 4439 aula.

526 4478 545 4518 a
