2918 4986
429 341 530 406 Ferio
544 341 587 407 iu.
603 342 643 406 H
641 341 825 407 ebdomade
839 342 977 408 Soracten.

165 508 291 568 Gradole
305 519 373 585 post
393 509 510 566 Versum
524 529 585 566 noo
597 518 752 584 repetatur.

162 590 309 730 geminus
323 590 482 648 vobiscum.
520 590 653 648 Oramus.
696 591 864 648 Flectamus
877 609 980 667 genua.
1024 591 1143 650 Levate.

162 692 322 828 Dillioilui
341 771 395 828 pro
408 752 494 809 nobis
512 751 624 809 Filium
643 758 731 809 tuum
751 752 845 809 crucis
866 752 1032 828 patibulum
1054 753 1152 811 subire
1173 754 1313 826 voluisti,

101 838 136 889 ut
151 833 267 890 inimici
279 852 298 890 a
310 834 395 890 nobis
409 832 569 908 expelleres
582 838 758 908 potestatem
771 853 779 904 3
810 834 935 890 concede
957 834 1042 890 nobis
1059 834 1177 892 famulis
1194 836 1255 893 tuis
1271 843 1307 893 ut

101 913 324 972 resurrectionis
336 914 460 990 gloriam
474 932 692 990 consequamur.
736 914 795 970 Per
808 915 933 971 eundem
948 914 1119 973 Dominum.

161 1011 258 1069 Lectio
272 1011 370 1068 Esaiae
384 1011 534 1087 Proplietce
547 1011 619 1089 (liii.
639 1012 714 1084 1-10,
734 1013 796 1089 12).

163 1109 203 1166 In
217 1110 319 1167 diebus
332 1111 400 1183 illis,
416 1110 506 1167 Dixit
520 1110 640 1167 Esaias:
671 1110 807 1182 Domine,
824 1111 890 1187 quis
904 1111 1028 1168 credidit
1049 1112 1166 1175 auditui
1186 1120 1286 1171 nostro
1295 1117 1308 1172 l

101 1210 193 1265 usque
215 1192 255 1247 ad
277 1191 309 1247 in
330 1211 436 1248 manus
459 1192 523 1266 ejus
546 1191 711 1267 dirigetur;
741 1211 794 1267 pro
818 1211 849 1249 es
873 1192 951 1268 quod
974 1193 1099 1250 tradidit
1122 1193 1155 1250 in
1179 1201 1305 1252 mortem

101 1271 231 1329 animam
245 1291 343 1344 suam3
359 1278 470 1329 etcum
483 1272 630 1330 sceleratis
644 1277 799 1348 reputatus
813 1278 874 1344 est3
891 1273 996 1347 etipse
1010 1279 1129 1349 peccata
1142 1274 1305 1333 multorum

100 1352 181 1423 tulit,
207 1357 237 1409 et
260 1372 314 1428 pro
338 1353 601 1430 transgressoribus
621 1353 745 1429 rogavit,
761 1360 796 1410 ut
816 1373 877 1410 non
898 1354 1038 1429 perirent,
1063 1353 1136 1411 dicit
1159 1355 1308 1414 Dominus

101 1433 294 1508 omnipotens.

164 1514 294 1571 Tractus.

162 1594 299 1667 Domine,
315 1595 423 1651 exaudi
436 1595 598 1652 orationem
612 1614 726 1653 meam:
747 1600 777 1652 et
791 1595 900 1652 clamor
912 1615 995 1653 meus
1009 1597 1047 1654 ad
1061 1602 1091 1653 te
1104 1597 1212 1654 veniat.

107 1675 136 1733 V.
164 1674 214 1732 Ne
226 1681 342 1733 avertas
355 1675 460 1733 faciem
474 1682 589 1752 tuama
603 1695 669 1733 me:
697 1677 730 1732 in
744 1695 919 1752 quacunque
933 1677 980 1734 die
993 1677 1130 1750 tribulor,
1144 1677 1255 1735 inclina
1268 1680 1305 1737 ad

100 1775 148 1813 me
162 1775 264 1813 aurem
277 1762 367 1813 tuam.

107 1836 136 1894 V.
162 1836 201 1892 In
215 1856 389 1913 quacunque
403 1837 450 1894 die
463 1837 638 1894 invocavero
653 1843 700 1894 te:
720 1837 862 1895 velociter
874 1838 982 1895 exaudi
995 1858 1051 1896 me.

106 1917 134 1974 V.
149 1915 239 1986 ,Quia
253 1918 422 1976 defecerimt
436 1918 512 1976 sicut
525 1918 624 1976 fumus
638 1918 700 1975 dies
713 1919 791 1976 mei:
821 1925 850 1976 et
873 1938 937 1976 ossa
956 1939 1023 1976 mea
1043 1920 1120 1977 sicut
1133 1919 1166 1976 in
1179 1920 1307 1979 frixorio

100 1998 236 2056 confrixa
256 2007 333 2055 sunt.

106 2078 135 2136 V.
162 2079 321 2137 Percussus
334 2099 400 2136 sum
414 2080 491 2137 sicut
504 2079 623 2152 faenum,
642 2086 672 2137 et
692 2081 773 2137 aruit
795 2100 845 2138 cor
867 2101 987 2138 meum:
1016 2081 1086 2158 quia
1108 2081 1217 2140 oblitus
1239 2102 1305 2159 sum

100 2159 276 2217 manducare
289 2180 393 2236 panem
410 2180 515 2218 meum.

106 2240 135 2298 V.
161 2240 208 2297 Tu
221 2260 388 2317 exsurgens,
404 2241 540 2312 Domine,
551 2241 733 2298 misereberis
747 2242 832 2300 Sion:
848 2244 918 2318 quia
926 2243 1011 2300 venit
1020 2249 1137 2319 tempus
1147 2244 1305 2302 miserendi

100 2340 171 2396 ejus.

161 2401 308 2460 Dominus
321 2403 479 2460 vobiscum.
523 2403 564 2460 Et
578 2423 645 2460 cum
659 2403 765 2479 spiritu
780 2410 842 2460 tue.

160 2483 196 2539 N
193 2503 231 2540 om
244 2484 362 2540 dicatur
372 2483 475 2541 Gloria
488 2483 546 2541 tibi
561 2484 696 2541 Domine.

160 2563 264 2622 Passio
280 2564 404 2622 Domini
420 2565 513 2622 nostri
531 2564 603 2625 Jeme
624 2564 755 2624 Olmii:
782 2563 950 2622 decoratum
974 2566 1086 2624 Lucam
1108 2566 1195 2643 (socii.
1220 2569 1302 2625 xciii.

160 2725 200 2782 In
213 2725 266 2782 illo
284 2732 423 2802 tempore,
439 2726 709 2803 Appropinquabat
728 2731 828 2783 autem
849 2726 911 2783 dies
930 2726 1022 2783 festus
1044 2727 1237 2802 Azymorum,
1252 2729 1304 2804 qui

99 2805 212 2864 dicitur
224 2806 337 2865 Pascha
350 2827 439 2882 usque
453 2809 494 2863 od
507 2806 607 2883 (cmiii.
625 2807 688 2884 45).
732 2807 773 2863 Et
787 2806 848 2864 haec
862 2807 969 2879 dicens,
986 2808 1156 2882 exspiravit.
1288 2809 1291 2814 ’

591 2904 683 2961 Pater
702 2909 809 2960 noster.

99 2999 214 3058 Videns
224 3006 326 3058 autem
339 3001 471 3058 centurio
485 3021 573 3075 usque
582 2999 622 3057 od
629 2999 766 3058 mulieres
776 3019 841 3076 quae
856 3004 963 3057 secutae
977 3005 1061 3057 erant
1071 3021 1140 3058 eum
1153 3021 1171 3058 a
1181 3001 1303 3059 Galilaea

97 3079 160 3139 haeo
173 3082 314 3140 videntes.

158 3162 352 3237 anmpelium
365 3162 464 3239 (ccxiii.
481 3162 595 3237 50-53).

159 3242 200 3300 Et
225 3263 289 3300 ecce
313 3243 361 3300 vir
383 3244 502 3300 nomine
525 3242 646 3319 Joseph,
668 3242 719 3319 qui
740 3247 804 3298 erat
824 3242 951 3314 decurio,
973 3243 1134 3300 virbonus
1154 3244 1303 3320 etjustus

98 3342 188 3398 usque
202 3325 242 3381 ad
256 3324 289 3380 in
302 3343 360 3400 quo
373 3325 507 3382 nondum
521 3325 676 3401 quisquam
690 3323 803 3400 positus
817 3323 922 3381 fuerat.

160 3404 351 3478 offertorium.

158 3485 296 3559 Domine,
312 3486 420 3544 exaudi
433 3485 595 3544 orationem
610 3505 725 3544 meam:
748 3491 779 3543 et
792 3485 902 3542 clamor
916 3505 997 3542 meus
1011 3486 1049 3543 ad
1062 3491 1092 3542 te
1105 3487 1266 3562 perveniat.
1284 3548 1288 3554 ,

158 3565 278 3624 Secreta.
1114 3609 1115 3613 ,

158 3646 288 3705 Purifica
314 3667 378 3720 nos,
404 3647 568 3705 misericors
596 3647 687 3718 Deus,
712 3654 748 3705 ut
776 3648 902 3705 ecclesiae
929 3653 989 3705 tuae
1016 3668 1124 3723 preces,
1151 3669 1216 3726 quea
1244 3650 1302 3707 tibi

97 3732 181 3802 grata
194 3735 266 3786 sunt
278 3729 328 3804 pia
341 3747 465 3786 munera
479 3729 651 3801 deferentes,
662 3729 737 3786 fiant
750 3729 876 3805 expiatis
890 3729 1040 3787 mentibus
1053 3730 1205 3806 gratiores.
1242 3730 1302 3788 Per

98 3806 268 3868 Dominum.
313 3879 317 3887 Ι

158 3889 339 3949 Communia.

158 3971 266 4029 Potum
280 3991 379 4030 meum
393 3991 461 4029 oum
474 3971 547 4029 fletu
561 3972 768 4046 temperabam,
783 3971 853 4047 quia
866 3972 985 4029 elevans
998 3972 1116 4029 allisisti
1133 3992 1189 4044 me,
1204 3978 1234 4029 et
1248 3992 1300 4048 ego

97 4051 172 4110 sicut
187 4053 297 4110 faenum
311 4053 377 4110 arui
391 4075 397 4109 τ
420 4059 455 4110 tu
469 4058 577 4124 autem,
593 4052 729 4124 Domine,
745 4053 778 4108 in
791 4058 934 4108 aeternnm
948 4073 1101 4128 permanes
1109 4073 1119 4126 3
1147 4058 1183 4111 tu
1199 4072 1298 4109 exsur-

96 4151 165 4210 gens
178 4133 363 4192 misereberis
377 4133 448 4191 Sion
459 4154 468 4205 ;
489 4133 560 4209 quia
572 4133 655 4191 venit
669 4139 786 4208 tempus
800 4133 959 4190 miserendi
972 4134 1043 4210 ejus.

154 4231 396 4292 Poatcommunio.

153 4313 279 4392 Largire
301 4313 433 4370 sensibus
453 4313 570 4381 nostrie,
585 4312 769 4387 omnipotens
790 4311 879 4384 Deus,
895 4318 931 4369 ut
950 4332 1004 4389 per
1016 4310 1207 4387 temporalem
1228 4310 1299 4367 Filii

95 4395 139 4452 tui
151 4403 289 4468 mortem,
304 4413 395 4470 quam
409 4394 550 4469 mysteria
563 4393 731 4451 veneranda
744 4399 902 4468 testantur,
917 4393 1012 4451 vitam
1031 4399 1062 4450 te
1082 4392 1166 4450 nobis
1187 4391 1299 4450 dedisse

96 4484 268 4556 perpetuam
283 4474 470 4534 confidamus.
513 4475 572 4532 Per
585 4475 718 4532 eundem.
