2918 4986
384 330 570 397 Domitios
584 330 627 397 io
643 330 942 416 Quinquayesimo.

415 524 576 583 Doimuoa
600 540 633 582 m
654 523 922 594 Quruouaonsma

115 646 167 704 Ad
181 645 222 703 M
219 646 315 704 issam.
361 645 500 720 Officium.

115 727 190 785 Rsto
203 727 278 784 mihi
299 727 332 783 in
355 726 454 783 Deum
476 731 671 803 protectorem
687 732 717 784 et
735 727 768 784 in
786 727 884 784 locum
901 727 1018 804 refugii,
1034 733 1069 784 ut
1088 727 1204 784 salvum
1218 746 1267 784 me

54 808 145 867 facias
158 829 164 866 :
178 809 318 885 quoniam
330 807 551 865 firmamentum
561 827 660 865 meum
671 812 702 865 et
716 808 861 884 refugium
873 828 971 865 meum
986 827 1016 865 es
1030 815 1082 865 tu:
1100 814 1130 866 et
1144 815 1267 885 propter

55 909 164 947 nomen
178 895 266 946 tuum
281 889 344 946 dux
357 888 432 944 mihi
445 888 523 948 eris:
545 895 575 946 et
589 889 719 946 enutries
732 908 786 946 me.

117 986 267 1044 Psatmus.

117 1067 157 1124 In
177 1072 216 1139 te,
234 1066 371 1139 Domine,
387 1066 510 1144 speravi,
527 1086 587 1124 non
606 1067 771 1125 confundar
788 1067 821 1123 in
839 1072 1002 1124 ueternum:
1024 1067 1057 1124 in
1073 1067 1194 1143 justitia
1214 1072 1269 1124 tua

59 1148 156 1206 libera
167 1167 223 1205 me.

122 1239 231 1298 Oratio.

118 1320 224 1378 Preces
237 1326 361 1393 nostras,
374 1340 550 1396 quaesumus,
563 1321 701 1393 Domine,
712 1321 875 1378 clementer·
881 1320 989 1378 exaudi
1002 1339 1011 1393 5
1033 1325 1124 1398 utque
1138 1341 1156 1378 a
1170 1341 1268 1398 pecca-

56 1407 158 1461 torum
171 1421 226 1459 nos
236 1401 363 1460 vinculis
372 1401 524 1460 absolutos
534 1403 572 1459 ab
583 1403 664 1459 omni
677 1402 855 1460 adversitate
865 1400 987 1459 custodi.
1021 1401 1079 1459 Per
1093 1401 1264 1460 Dominum

118 1498 169 1556 Act
182 1498 349 1558 Corinthios
362 1498 397 1576 (1
420 1496 504 1576 miii.)

118 1579 257 1653 Fratres:
286 1580 318 1637 Si
332 1580 443 1656 linguis
463 1581 618 1638 hominum
637 1580 743 1656 loquar
762 1585 793 1637 et
814 1579 986 1656 angelorum
1003 1597 1092 1654 usque
1110 1579 1151 1637 ad
1171 1579 1266 1654 major

58 1665 162 1725 sutem
174 1661 282 1718 horum
296 1667 341 1719 est
354 1661 468 1719 caritas.

118 1755 313 1911 &affl-eus,
328 1839 381 1915 qui
393 1837 464 1896 facis
482 1838 629 1896 mirabilia
650 1838 745 1896 solus:
766 1844 869 1896 notam
890 1834 986 1895 fecisti
1005 1836 1036 1894 in
1058 1836 1195 1914 gentibus
1209 1836 1268 1892 vir-

57 1923 264 2058 {oeffibffii
276 2000 309 2057 in
322 1999 442 2058 brachio
455 2006 509 2058 tuo
522 1999 665 2077 populum
678 2005 766 2058 tuum
779 2022 786 2058 :
807 2000 883 2059 filios
897 2000 992 2060 Israel
1006 2004 1037 2057 et
1049 1998 1072 2058 J
1074 1998 1169 2075 osepln

117 2096 253 2237 {diditi
268 2180 342 2252 Dec,
358 2180 453 2238 omnis
467 2185 564 2237 terra:
585 2180 692 2237 servite
707 2179 837 2238 Domino
850 2181 883 2237 in
896 2180 1008 2239 loetitia.

60 2259 93 2353 ts.
116 2259 234 2398 Inmlie
247 2261 280 2317 in
294 2267 451 2337 conspectu
465 2262 528 2337 ejus
546 2261 579 2318 in
597 2261 788 2319 exultatione.
833 2262 945 2320 Scitote
965 2258 1106 2337 quoniam
1120 2258 1267 2315 Dominus

58 2348 186 2515 idseliissi
199 2361 343 2496 feecitinos,
356 2429 386 2481 et
398 2443 459 2508 non
470 2423 526 2499 ipsi
539 2442 592 2480 nos
603 2443 609 2480 :
624 2443 677 2480 nos
690 2430 789 2481 autem
804 2423 930 2500 populus
944 2423 1016 2500 ejus,
1027 2427 1058 2479 et
1071 2439 1140 2478 oves
1153 2410 1267 2497 pascua}

60 2521 130 2560 eus.

72 2523 84 2578 J
118 2593 287 2654 Secundum
300 2597 413 2655 Istacam
421 2596 519 2673 (aviii.
532 2597 647 2675 31-43).

120 2677 160 2734 In
179 2677 233 2734 illo
253 2683 393 2754 tempore,
407 2679 580 2754 Assumpsit
597 2679 619 2736 J
621 2699 686 2736 esus
707 2678 859 2736 duodecim
881 2677 1046 2753 discipulos,
1070 2682 1101 2733 et
1125 2674 1168 2732 ait
1189 2674 1248 2730 iliis
1258 2693 1266 2745 3

63 2756 135 2897 {code
148 2758 332 2897 ascssndimus
346 2759 585 2835 Hierosolymam
599 2779 689 2834 osque
703 2761 743 2817 od
760 2761 801 2817 Et
820 2759 916 2816 omnis
929 2758 1020 2835 plebe,
1035 2764 1070 2814 ut
1083 2756 1169 2827 vidit,
1185 2755 1269 2812 dedit

88 2858 109 2896 u
130 2858 177 2896 em
223 2859 264 2897 eo.

122 2934 316 3009 offertorium.

121 3015 299 3074 Benedictus
313 3037 352 3090 es,
367 3017 514 3090 Domine;
535 3017 605 3075 doce
619 3037 666 3075 me
676 3017 902 3094 justificationes
916 3021 991 3073 tuas.
1034 3013 1212 3072 Benedictus
1227 3031 1267 3084 es,

65 3094 208 3171 Domina
228 3098 299 3156 doce
319 3118 366 3155 me
382 3099 610 3174 justificationes
624 3105 709 3156 tuas:
729 3099 762 3155 in
776 3099 862 3155 labiis
876 3097 949 3154 meis
961 3094 1155 3172 pronunciavi
1169 3093 1268 3151 omnia

63 3176 170 3250 judicia
183 3178 243 3236 oris
255 3179 309 3236 tui

121 3272 242 3333 Secreta.

121 3355 197 3413 Haec
210 3355 316 3428 hostia,
331 3376 506 3433 quaesumus,
520 3356 657 3429 Domine,
672 3357 813 3415 emundet
826 3361 928 3414 nostra
942 3354 1046 3413 delicta
1058 3373 1067 3426 ;
1088 3359 1118 3412 et
1131 3352 1170 3411 ad
1182 3351 1269 3411 sacri-

67 3434 160 3572 {cium
174 3437 382 3495 celebrandum
395 3438 583 3497 subditorum
596 3438 653 3496 tibi
671 3457 792 3516 corpora
811 3443 983 3513 mentesque
996 3435 1166 3494 sanctificet.
1210 3433 1269 3490 Per

96 3535 233 3576 ommum.

124 3611 306 3673 Omnmunio.

123 3693 380 3753 Manducaverunt
393 3700 423 3754 et
437 3696 564 3754 satruati
581 3702 651 3754 sunt
667 3696 773 3754 nimis:
795 3701 825 3754 et
846 3695 1023 3754 desiderium
1043 3712 1145 3752 eorum
1165 3692 1270 3750 attulit

71 3773 107 3830 eis
120 3773 283 3833 Dominus:
304 3796 366 3834 non
379 3783 450 3834 sunt
462 3776 592 3834 fraudati
605 3798 624 3835 a
637 3777 780 3835 desiderio
794 3796 854 3834 su0.

123 3872 365 3931 Postcommumio.

125 3951 307 4027 Quaesumus,
326 3955 511 4032 omnipotens
527 3955 618 4024 Deus,
639 3961 674 4012 ut
694 3955 747 4031 qui
767 3953 894 4012 caelestia
913 3953 1055 4012 alimenta
1074 3950 1266 4029 percepimus

69 4049 118 4106 per
130 4033 190 4092 haec
203 4041 308 4093 contra
322 4036 420 4093 omnia
433 4036 556 4094 adversa
569 4037 746 4093 muniamur.
790 4036 848 4093 Per
862 4034 1033 4094 Dominum.

365 4230 466 4288 Fusus
487 4230 617 4300 Quium
638 4246 671 4287 m
692 4229 808 4289 (tamnu
828 4231 964 4289 Jnooun.

123 4366 195 4425 Post
206 4365 325 4427 Sestum
339 4368 486 4427 Proetutus
502 4390 568 4427 curn
581 4368 732 4428 Misistris
747 4370 782 4426 tn
795 4369 884 4442 Attis,
900 4369 992 4427 sacris
1007 4367 1132 4424 diodotus
1145 4362 1267 4421 vestibus

63 4455 89 4506 et
103 4457 231 4524 capatus,
246 4470 404 4508 soenorum
417 4451 452 4508 de
465 4450 525 4508 diei
532 4451 717 4527 proprietate,
733 4451 837 4510 scilicet
850 4450 976 4526 qualiter
989 4449 1032 4508 ret
1044 4468 1072 4505 se
1085 4447 1120 4503 to
1133 4445 1187 4503 isto
1203 4453 1268 4503 tem
