2886 4994
196 397 261 460 182
419 384 422 391 '
666 391 787 458 oenoe
807 391 931 459 Mose.

378 557 456 616 Eoo.
973 558 1040 620 MS.
1064 557 1122 619 12*

195 663 317 723 Junctie
342 663 481 722 menibus
506 661 646 722 Sacerdos

195 746 315 806 inclinet
328 765 357 802 ee
374 745 492 804 dicens:

183 845 187 854 '
258 843 312 900 ΤΕ
346 842 511 914 IGITUR,
540 839 766 900 clementissime
790 840 890 914 Peter,
914 860 969 918 per
986 841 1093 901 Jesum
1117 841 1272 900 Christum
1292 839 1379 899 Filium

195 945 284 999 tunm
307 939 474 997 Dominum
501 945 645 1012 nostmm,
671 938 815 1015 supplices
842 957 980 1017 rogemus
1003 958 1039 997 ac
1064 939 1195 1018 petimus
1214 939 1266 997 uti
1287 942 1382 1015 accepte

504 1036 613 1095 habeas
633 1043 664 1094 et
683 1036 840 1094 benedicas

830 710 849 743 ὣ
968 709 987 742 ff
1106 712 1123 744 {¹
1244 712 1261 744 {¹

198 1329 648 1406 EriperwseSocerdosoemctetur
686 1329 850 1406 Hicfaciat
858 1330 998 1391 Sacerdos
1011 1341 1068 1393 tres
1081 1350 1178 1392 moes
1187 1351 1275 1410 reaper
1283 1331 1386 1394 Calicem

198 1410 301 1552 :littere
324 1432 345 1471 e
364 1413 474 1471 deaetcts
496 1412 641 1488 eomflcii,
683 1421 710 1470 et
717 1432 837 1488 penem,
851 1413 897 1471 ite
910 1413 1025 1472 decem:

221 1514 318 1553 ceens:

258 1591 348 1652 thaec
368 1589 576 1671 dm1mnhaec
596 1588 767 1671 mufflmm,
786 1589 850 1649 haeo
869 1590 1014 1674 senfflete
1033 1590 1177 1651 sacrificio
1196 1590 1320 1664 illibate,

202 1688 260 1748 Hic
273 1688 356 1748 elevet
369 1710 485 1762 monus,
501 1689 620 1749 deheres:
1252 1748 1257 1757 ,

200 1786 355 1863 Imprimis
375 1807 441 1864 quae
465 1787 523 1844 tibi
550 1787 700 1844 offerimus
719 1806 774 1863 pro
794 1785 926 1845 Ecclesia
945 1792 1000 1845 tue
1019 1793 1122 1846 sancte
1136 1786 1298 1861 Catholice,
1319 1803 1394 1864 quom

200 1885 363 1961 pacificare,
387 1885 543 1956 custodire,
565 1884 705 1956 adunare,
729 1890 760 1941 et
783 1904 884 1962 regere
907 1884 1037 1962 digneris
1063 1889 1129 1942 toto
1155 1885 1227 1943 orbe
1252 1889 1393 1952 terrerum,

201 1999 262 2038 une
300 1999 369 2038 cum
408 1980 521 2038 famulo
562 1986 615 2037 tuo
649 1980 733 2058 Papa
765 1988 868 2039 nostro
901 1981 941 2040 N.
977 1989 1008 2040 et
1043 1981 1193 2040 Antistite
1232 1987 1334 2041 nostro
1362 1978 1394 2038 N.

685 2078 720 2135 id
733 2087 773 2136 est
781 2097 839 2154 pro
852 2077 1064 2155 archieposcopo

525 2180 556 2231 et
583 2172 665 2250 Rege
692 2182 794 2233 nostro

686 2271 726 2330 N.
743 2280 770 2332 et
787 2272 889 2331 dicant
901 2271 1079 2330 nominatim
1172 2269 1175 2275 ’

203 2371 234 2424 et
258 2365 396 2424 omnibus
420 2367 593 2427 orthodoxis
615 2374 706 2446 atque
729 2369 879 2427 catholicae
903 2376 935 2427 et
958 2368 1124 2446 apostolicae
1148 2369 1219 2428 fidei
1240 2368 1399 2428 cultoribus.

203 2463 263 2523 Hie
277 2472 336 2522 eret
344 2483 402 2540 pro
416 2465 498 2524 cieris.
689 2467 750 2525 Hie
763 2476 823 2526 oret
836 2468 989 2543 cogitando
997 2487 1055 2544 pro
1068 2467 1151 2539 eicis,
1165 2467 1265 2525 diceres
1273 2490 1284 2527 .·

262 2641 425 2716 Memento,
448 2643 586 2717 Domine,
608 2643 787 2702 famulorum
807 2644 1045 2721 famularumque
1064 2650 1186 2702 tuarum
1206 2644 1247 2702 N.
1272 2642 1316 2724 [et
1328 2642 1401 2700 N.-

201 2737 267 2799 MS.
278 2738 330 2822 [λ]
347 2746 377 2799 et
391 2742 525 2800 omnium
539 2741 818 2818 circumstantium
831 2748 921 2818 etque
935 2741 1070 2800 omnium
1082 2741 1403 2819 fideliumJOhristieno

201 2859 270 2897 rum
302 2861 428 2918 quorum
452 2841 511 2898 tibi
535 2841 608 2899 fides
632 2841 750 2918 cognita
777 2847 874 2898 estet
897 2847 969 2897 nota
990 2840 1127 2911 devoti03
1151 2859 1205 2916 pro
1227 2840 1336 2916 quibus
1354 2834 1404 2894 tibi

202 2937 353 2996 offerimus
373 2940 422 2996 vel
443 2939 495 3015 qui
515 2939 572 2996 tibi
592 2939 722 2996 offerunt
745 2939 800 2996 hoc
824 2938 1001 2995 sacrificium
1027 2937 1133 3010 laudis,
1154 2957 1209 3014 pro
1236 2956 1268 2994 se
1295 2936 1403 3012 suisque

202 3035 349 3106 omnibus,
367 3053 421 3111 pro
438 3035 641 3112 redemptione
662 3035 830 3092 animarum
850 3054 981 3106 suarum,
1002 3053 1056 3110 pro
1081 3053 1132 3110 spe
1157 3033 1263 3090 salutis
1285 3039 1315 3091 et
1334 3033 1404 3090 inco

202 3130 351 3190 lumitatis
365 3151 434 3205 suae,
449 3132 565 3208 tibique
578 3133 707 3191 reddunt
720 3137 792 3188 vote
805 3150 858 3188 sua
871 3137 982 3188 aeterno
996 3129 1062 3188 Deo
1075 3130 1146 3187 vivo
1160 3135 1192 3187 et
1205 3149 1285 3189 vero.

687 3227 779 3304 Insro
792 3228 941 3286 actionem.

265 3327 523 3386 Communicantes
544 3334 575 3385 et
598 3328 770 3386 memoriam
792 3332 976 3398 venerantes,
993 3325 1137 3402 Inprimis
1149 3325 1286 3402 gloriosae
1299 3342 1407 3401 semper

548 3425 674 3502 virginis
697 3424 814 3499 Meriae,

688 3519 749 3576 Hic
757 3537 870 3594 pectem
882 3517 1046 3576 inclinatus
1059 3516 1139 3576 dicat
1152 3517 1194 3575 ad
1207 3517 1297 3576 tervan
1309 3525 1407 3594 septem

689 3601 775 3657 cerba
787 3599 945 3674 sequentia,

204 3696 362 3774 genetricis
383 3696 442 3753 Dei
463 3703 494 3755 et
515 3696 639 3754 Domini
658 3697 754 3754 nostri
770 3697 793 3755 J
794 3716 845 3753 esu
860 3696 980 3768 Christi,
996 3696 1055 3755 sed
1076 3702 1106 3754 et
1125 3696 1282 3754 beatorum
1302 3701 1409 3774 aposto

204 3795 302 3853 iorum
326 3815 360 3853 ac
384 3800 550 3872 martyrum
570 3803 700 3868 tuorum,
722 3794 814 3866 Petri,
837 3794 933 3867 Pauli,
956 3793 1095 3866 Andreae,
1116 3793 1232 3866 Jacobi,
1254 3793 1408 3864 Johannis,

205 3891 334 3962 Thomae,
348 3892 462 3965 Jacobi,
485 3893 625 3970 Philippi,
649 3891 868 3964 Bartholomaei,
891 3891 1039 3972 Matthaei,
1063 3891 1192 3949 Simonis
1212 3898 1244 3950 et
1264 3891 1409 3967 Thaddaei,

205 3989 285 4064 Lini,
302 3990 388 4062 Oleti,
413 3990 582 4064 Clementis,
604 3991 694 4063 serti,
706 3989 855 4063 Cornelii,
872 3990 1023 4067 Cypriani,
1038 3976 1208 4063 Laurentii,
1219 3990 1409 4070 Chrysogoni,

235 4122 249 4148 ¹*
264 4120 318 4166 MS.
330 4121 354 4185 A
369 4120 479 4165 contains
494 4120 557 4165 from
572 4123 586 4147 “
596 4121 632 4166 Tc
647 4119 723 4177 igitur
730 4120 742 4141 '’
756 4121 782 4165 to
797 4118 888 4164 “Hanc
902 4119 980 4178 igitur
999 4119 1165 4178 oblationem,'’
1178 4120 1227 4166 nnd
1241 4119 1306 4166 from
1320 4121 1410 4166 “Peter

398 4194 481 4236 noster
488 4191 500 4213 ''
515 4193 540 4236 to
555 4191 597 4236 the
612 4191 664 4236 end.
696 4191 721 4236 It
736 4191 780 4236 hes
795 4204 828 4235 no
842 4189 943 4236 rubrics

263 4262 317 4308 MS.
332 4263 351 4309 Ο
367 4262 454 4320 begins
469 4262 549 4308 attho
565 4261 703 4320 paragraph
717 4260 816 4307 “Nobis
831 4275 928 4320 quoque
942 4261 1130 4320 peccatoribus.'’

265 4334 351 4379 MS.F
367 4336 447 4379 wents
462 4334 504 4378 the
520 4333 598 4378 whole
614 4333 704 4378 Cenon

265 4403 338 4449 MSS.
350 4405 378 4462 B,
388 4405 419 4462 D,
430 4405 459 4464 E,
469 4404 517 4450 end
533 4403 555 4450 G
570 4417 611 4448 ere
625 4403 717 4462 perfect
731 4402 757 4447 in
771 4403 813 4448 the
829 4402 920 4449 Cenon.
951 4402 1058 4449 MssE
1073 4403 1122 4448 end
1137 4403 1160 4450 G
1174 4403 1237 4449 have
1252 4417 1285 4450 no
1300 4402 1400 4451 rubrics

236 4474 250 4534 †
265 4473 319 4519 MS.
331 4475 355 4519 A
370 4476 441 4520 omits
456 4475 490 4520 all
506 4475 607 4520 Croesos
621 4474 771 4532 throughout
785 4474 827 4518 the
843 4473 933 4518 Canon.

207 4545 565 4662 Bssevhhrrcpllmmfium-Edd'
576 4547 625 4592 end
634 4545 739 4591 MssB
754 4545 802 4591 end
815 4545 853 4604 D3
873 4545 1199 4594 circumastantium—MSS.
1210 4548 1242 4594 A.
1253 4548 1302 4594 end
1319 4548 1349 4607 G,
1366 4545 1411 4593 end

229 4618 242 4649 r
325 4636 332 4649 .
