2886 4994
119 365 161 429 32
499 361 549 427 In
562 359 771 447 Epiphania
785 359 937 426 Domini.

177 529 272 589 leeth)
286 528 384 587 Esaiae
397 527 546 604 Prophetae
559 527 614 606 (le.
636 529 713 607 1-6).

177 610 278 688 Surge,
292 610 468 682 illuminare,
484 609 674 668 Hierusalem
693 629 783 686 aeque
805 613 845 670 ad
868 610 938 668 thus
958 608 1129 679 deferentes,
1151 614 1182 666 εὴ
1202 608 1322 667 laudem

119 691 247 749 Domino
261 691 479 749 annuntiantes.

179 770 313 831 (laudab.

175 853 286 911 Omnes
299 852 335 910 de
349 851 427 910 Saba
436 851 565 925 venient,
577 872 683 911 aurum
696 860 727 912 et
740 856 811 912 thus
825 855 998 926 deferentes,
1013 857 1043 910 et
1056 851 1175 910 laudem
1189 853 1320 910 Domino

116 933 334 993 annuntiantes.

122 1016 149 1074 l'.
187 1013 279 1091 Surge
289 1021 319 1072 et
332 1013 509 1086 illuminare,
521 1013 718 1088 Hierusalem,
729 1017 799 1093 quia
809 1016 902 1093 gloria
913 1014 1037 1072 Domini
1047 1033 1134 1090 super
1144 1020 1175 1072 te
1189 1021 1257 1073 orta
1266 1021 1317 1071 est.

174 1093 319 1170 Alleluya
359 1094 387 1152 V.
421 1094 562 1152 Vidimus
575 1095 691 1154 atellam
707 1098 770 1174 ejus
789 1097 822 1154 in
839 1097 961 1168 oriente,
976 1101 1007 1153 et
1022 1097 1156 1153 venimus
1170 1115 1238 1153 cum
1256 1115 1319 1152 mu-

116 1175 236 1234 neribus
249 1176 370 1234 adorare
389 1174 561 1235 Dominum.

176 1273 338 1350 Sequentia.

236 1365 434 1443 Epiphaniam
447 1365 577 1424 Domino
590 1386 729 1426 canamus
739 1368 905 1446 gloriosam,

237 1447 304 1518 Qua
316 1447 428 1524 prolem
443 1446 501 1505 Dei
516 1447 599 1524 Magi
613 1449 746 1523 adorant,

236 1528 416 1587 Immensum
431 1527 562 1586 Chaldaei
576 1530 659 1605 cujus
672 1550 725 1606 per
738 1531 822 1588 saecla
835 1535 1015 1588 venerantur
1027 1528 1192 1606 potentiam
1205 1551 1211 1586 :

236 1609 332 1680 Quem
345 1608 446 1666 cuncti
466 1608 615 1685 prophetae
629 1611 759 1669 cecinere
772 1618 934 1669 venturum
947 1610 985 1668 ad
1002 1616 1104 1687 gentes
1117 1611 1280 1680 salvandas,

237 1689 330 1767 Cujus
344 1690 480 1766 majestas
493 1689 537 1746 ita
549 1695 593 1747 est
607 1691 757 1764 inclinata,
772 1698 808 1750 ut
821 1698 981 1749 assumeret
995 1691 1073 1749 servi
1085 1690 1230 1748 formam:

236 1771 320 1829 Ante
333 1769 439 1828 eaeoula
452 1770 505 1847 qui
518 1770 600 1828 Deus
614 1777 644 1828 et
658 1777 791 1849 tempora
804 1773 906 1830 Homo
920 1773 1015 1830 faetus
1029 1779 1074 1830 est
1086 1772 1120 1829 in
1137 1772 1243 1830 Maria.

174 1881 307 1944 secando
320 1880 374 1938 die.

235 1972 357 2032 Balaam
371 1972 407 2030 de
420 1991 479 2049 quo
493 1971 665 2045 vaticinans,
676 1973 783 2032 Exibit
796 1994 834 2032 ex
844 1974 939 2034 Jacob
952 1976 1089 2048 rutilans,
1101 1975 1210 2053 inquit,
1222 1977 1315 2047 stella,

235 2053 276 2112 Et
289 2052 455 2130 confringet
468 2053 577 2111 ducum
590 2054 708 2130 agmina
721 2055 850 2133 regionis
864 2057 955 2115 Moab
969 2057 1100 2114 maxima
1113 2057 1257 2132 potentia.

237 2133 319 2193 Huio
348 2133 575 2273 nappimpnunera
606 2134 743 2194 deferunt
769 2137 917 2214 praeclara,
938 2157 1044 2196 aurum
1067 2136 1165 2210 simul,
1187 2137 1266 2212 thus,
1289 2145 1318 2196 et

235 2232 344 2355 Thurii1
347 2234 447 2435 iiepm
461 2259 629 2375 praedicant,
641 2317 713 2357 auro
727 2318 826 2377 regem
838 2318 987 2376 magnum,
998 2299 1150 2357 hominem
1163 2299 1318 2358 mortalem

235 2457 274 2518 In
294 2395 477 2517 adiridiillios
497 2465 599 2518 monet
619 2459 748 2536 angelus,
763 2479 801 2518 ne
819 2460 941 2520 redeant
962 2461 1000 2518 ad
1020 2480 1119 2538 regem
1136 2468 1317 2520 commotum

314 2544 436 2617 punitor
449 2559 546 2618 regua
752 2545 755 2551 ’

234 2620 367 2681 Pravobut
381 2621 492 2680 atenim
502 2621 630 2681 nimium
642 2641 741 2701 regem
755 2628 870 2697 natum,
879 2643 983 2681 verens
996 2624 1134 2681 amittere
1143 2624 1229 2701 regni
1238 2626 1318 2701 jura.

177 2732 273 2795 Terlln
287 2730 340 2792 (lla.

237 2824 319 2907 Magi
339 2825 396 2886 nihi
416 2825 501 2886 atelle
517 2825 645 2886 micante
665 2827 776 2906 praevia
791 2832 919 2906 pergunt
938 2827 1047 2885 alacres
1066 2826 1175 2886 itinera
1190 2830 1318 2906 patriam

317 2928 381 2989 (pure
390 2928 439 2969 eru
449 2908 596 2969 discebant
605 2910 643 2968 ad
654 2910 802 2988 propriam
812 2931 821 2982 3
840 2909 1008 2984 linquentes
1018 2908 1148 2966 Herodis
1159 2911 1306 2969 mandata.

237 2990 297 3065 Qui
319 3010 469 3070 promanans
487 2990 573 3050 amu
593 2992 686 3049 nimia
706 3011 765 3069 prae
785 2992 831 3049 ira
848 2989 997 3066 extemplo
1015 2989 1137 3047 mandat
1157 2991 1320 3049 infantium

317 3072 435 3151 regardna
443 3072 553 3151 inquiri
563 3072 738 3132 Bethlehem
747 3071 978 3150 pereonfinia,et
986 3091 1057 3128 mox
1065 3071 1178 3147 privari
1185 3091 1236 3129 eos
1245 3072 1315 3130 vita.

236 3152 341 3215 (hanna
355 3173 434 3215 rrum
448 3164 565 3215 oratores
578 3154 730 3213 tinnulum
740 3155 849 3230 jungat
862 3152 999 3210 laudibus
1012 3151 1115 3228 organi
1127 3171 1265 3228 pneuma,

240 3234 365 3315 lllyalloo
379 3236 502 3295 olibanus
518 3234 592 3313 llegi
606 3254 707 3312 regum
722 3235 842 3292 Christo
855 3252 978 3291 munera
990 3233 1128 3309 preciosa,

240 3316 362 3377 lhuonna
377 3323 411 3377 ut
425 3336 476 3397 pau·
490 3316 589 3375 orbern
604 3334 694 3394 mgna
707 3314 806 3373 omnia
818 3319 954 3391 protegat
966 3314 1000 3370 in
1012 3313 1118 3371 saeerda
1130 3315 1317 3392 sempiterna

178 3436 194 3499 Ι
197 3460 214 3497 n
235 3434 413 3515 lhpuulliane
430 3436 524 3496 areldi
541 3434 682 3495 h'dweuli.
695 3434 770 3511 arpis
783 3443 808 3492 et
822 3433 989 3508 consensoria
997 3459 1007 3494 .·
1027 3433 1191 3510 Sequentia,
1208 3437 1320 3514 Organ-

116 3516 174 3581 lula.
232 3516 268 3579 lu
289 3515 596 3577 l'umalatluneastarti
617 3514 748 3574 ll'illelnai
768 3514 976 3574 aarum:
1003 3514 1166 3591 Sequentia,
1190 3517 1327 3576 Plaudatv

116 3598 249 3665 llllnrua:
285 3597 395 3677 ruperia·
422 3598 544 3657 aaaoeouln
570 3595 617 3654 dia
638 3593 723 3674 intio
738 3595 860 3654 Oetaeae
878 3595 913 3653 iu
936 3595 995 3653 olio
1017 3597 1108 3655 Festo.
1160 3597 1319 3657 Domim'eu

115 3682 212 3765 pliona
246 3689 295 3739 anu
319 3688 328 3739 l
334 3680 439 3739 innuere
461 3676 632 3757 hlaiphuulw
644 3701 653 3738 :
686 3677 850 3754 Sequentia,
867 3676 989 3735 Caeleste
1005 3698 1156 3754 organum,
1172 3687 1319 3756 utsupra

116 3772 189 3827 nerlu
220 3762 266 3823 rh·
292 3782 311 3823 n
338 3758 494 3821 duliullnla
521 3757 647 3819 llnuu'ni.
715 3758 867 3817 llomiuico
893 3758 925 3816 ii,
955 3758 998 3816 tii,
1024 3767 1050 3816 et
1073 3760 1122 3818 a'a:
1162 3757 1318 3836 Sequentia

121 3842 326 3909 lul-nnnuhu,
340 3853 371 3901 nl
385 3860 476 3920 eorpus
491 3840 523 3901 in
537 3838 583 3898 «lia
597 3837 768 3899 al’ullrilntia
778 3839 908 3899 Deretini.
949 3838 992 3897 In
1002 3839 1167 3900 Dominicis
1179 3861 1244 3900 amo
1253 3850 1319 3918 poet

122 3928 352 3999 ltunlmn'auon
369 3923 507 4003 steneland
521 3921 776 3999 Nephenpeuhnuna,
791 3929 816 3979 el
832 3920 988 3979 Dominico
1001 3921 1106 3996 quintu
1114 3931 1182 3996 post
1196 3921 1319 3980 Octavus

120 4008 299 4101 d'plphnnln,
315 4006 424 4066 utum·
438 4003 602 4084 Sequentia.
624 4002 701 4063 vau
714 4002 885 4063 dubilautes
898 4021 1005 4077 magna
1014 4022 1032 4073 3¹
1045 4003 1157 4077 require
1171 4003 1206 4060 a‘n
1219 4002 1318 4061 Domi-

117 4097 390 4173 nnurprunellatam.
419 4086 436 4146 .l
456 4082 1317 4163 lintulphusSrptrnrprainurreaqueadPaaclaanulluclicitnr

117 4178 277 4255 all-ullaulla,
293 4172 415 4247 alludat
431 4165 585 4227 a'aaa'n'am
600 4166 635 4225 «la
654 4164 824 4243 l'anpuara'i,
839 4164 898 4224 siau
911 4165 945 4222 de
958 4163 1053 4222 Fastis
1066 4162 1249 4223 Sanctorum.

177 4270 341 4333 alanum
363 4266 529 4326 llnllhmnu
544 4263 592 4344 (ll.
621 4264 630 4322 l
652 4263 712 4331 la).

176 4354 249 4419 l'ulu
268 4358 353 4415 iadau
368 4356 442 4408 aeaut
455 4348 544 4407 laeua
560 4346 588 4405 ln
609 4343 781 4405 ltalhleharu
799 4343 887 4405 Judaa
905 4362 994 4420 uaqrae
1008 4343 1049 4401 ad
1068 4361 1121 4420 per
1134 4341 1225 4402 aliam
1239 4344 1315 4401 viam

118 4442 222 4509 {arnald
238 4442 309 4582 pun
325 4442 353 4495 ln
372 4438 516 4512 raptamur
531 4446 621 4489 artatur.

176 4520 238 4583 uun
253 4542 274 4579 u.
