2918 4986
437 326 552 394 Oratio
574 325 684 393 eoacti
705 324 904 411 1109001101.

427 545 547 604 0111110
569 544 906 604 8111011Α11011011111.1

124 669 191 727 Isto
215 669 309 727 oratio
332 669 433 726 devoto
456 675 497 725 cat
515 665 665 725 Sacerdoti
688 667 729 724 ad
756 667 912 725 dicendum
935 675 1003 724 arcto
1022 666 1157 740 Missam,
1182 664 1272 742 quarn

62 760 183 809 coactae
196 749 378 825 Augustinus
392 749 556 823 oorrpoaat't.

125 832 245 889 Summe
258 830 389 887 sacerdos
403 835 433 886 et
446 848 514 886 vere
528 827 673 904 pontifex,
688 828 741 903 qui
758 833 789 885 te
803 827 939 886 obtulisti
959 828 1024 886 Deo
1037 828 1122 886 Patri
1142 829 1269 888 hostiam

60 913 172 984 vivam,
187 931 299 988 puram,
315 916 347 968 et
366 909 584 967 immaculatam
599 909 632 965 in
645 928 696 965 ara
710 908 804 966 crucis
817 928 870 985 pro
884 909 970 966 nobis
984 909 1097 967 miserie
1110 911 1268 987 peecatori-

61 995 138 1066 bus3
159 993 267 1068 quique
288 991 394 1048 dedisti
414 989 499 1047 nobis
519 1008 634 1047 carnem
650 996 734 1046 tuam
747 989 785 1046 ad
799 990 1037 1047 manducandum
1050 996 1081 1048 et
1094 992 1268 1068 sanguinem
1326 995 1328 999 ’

62 1080 151 1131 tuum
164 1073 202 1131 ad
216 1072 374 1130 bibendum
384 1092 393 1143 ς
419 1076 450 1128 01
470 1071 595 1147 posuisti
614 1070 695 1127 istud
708 1071 883 1146 mysterium
896 1071 928 1127 in
941 1071 1055 1128 virtute
1068 1072 1115 1129 tui
1129 1072 1266 1149 Spiritus,

64 1154 172 1227 dicens,
189 1154 264 1211 Haec
277 1153 508 1229 quotiescunque
522 1151 650 1208 feceritis
668 1152 700 1207 in
714 1152 773 1207 mei
786 1151 957 1208 memoriam
974 1152 1108 1225 iacietis,
1130 1173 1201 1230 rogo
1215 1172 1268 1230 per

62 1235 235 1312 sanguinem
246 1240 333 1291 tuum
344 1234 513 1310 pretiosum,
522 1251 664 1307 magnum
674 1232 777 1289 salutis
785 1237 893 1289 nostrae
903 1233 1039 1308 pretium,
1049 1252 1120 1310 rogo
1128 1254 1181 1310 per
1191 1234 1268 1293 hanc

63 1314 395 1373 mirametineffabilem
405 1313 555 1371 caritatem
565 1332 685 1388 quanos
694 1311 814 1370 miseros
823 1313 959 1390 indignos
969 1313 1011 1370 sic
1020 1333 1118 1371 amare
1128 1315 1266 1391 dignatus

63 1394 493 1472 es,utlavaresn0sapeccatis
503 1393 873 1469 nostrisinsanguinetuo.
903 1393 1265 1453 Docemeservumtuum

62 1478 227 1554 indignum,
239 1496 325 1553 quem
335 1476 425 1533 etiam
437 1475 517 1533 inter
529 1480 626 1532 cetera
635 1475 712 1531 dona
725 1481 778 1531 tua
792 1473 881 1531 etiam
895 1474 932 1531 ad
946 1474 1072 1532 officium
1087 1476 1265 1535 sacerdotale

62 1577 167 1616 vocare
181 1558 319 1633 dignatus
333 1576 372 1630 es,
386 1556 476 1614 nullis
491 1555 561 1613 meis
581 1554 695 1612 meritis
712 1555 763 1613 sed
783 1554 845 1612 sola
858 1555 1045 1613 miseratione
1058 1556 1264 1615 misen'cordiae

62 1644 122 1696 brae
132 1659 141 1710 3
172 1638 242 1695 doce
264 1657 320 1710 me,
346 1656 450 1714 quaeso‚
474 1656 527 1713 per
550 1635 695 1711 Spiritum
720 1635 861 1693 Sanctum
884 1641 971 1693 tuum
993 1642 1113 1693 tantum
1136 1643 1264 1696 tractare

62 1719 236 1796 mysterium
249 1739 283 1776 ea
296 1717 462 1776 reverentia
475 1722 505 1774 et
515 1717 680 1787 devotione,
691 1736 724 1774 eo
738 1716 844 1773 timore
856 1721 887 1774 et
896 1716 1017 1788 honore,
1027 1717 1135 1793 quibus
1148 1724 1264 1794 oportet

63 1808 92 1857 et
115 1801 206 1858 decet.
250 1798 309 1857 Fac
331 1819 378 1856 me
399 1818 452 1875 per
472 1797 599 1875 gratiam
620 1802 704 1854 tuam
725 1816 839 1873 semper
859 1797 935 1854 illud
957 1798 992 1855 de
1015 1803 1100 1856 tanto
1121 1800 1264 1875 mysterio

62 1881 179 1938 credere
192 1885 223 1937 et
242 1879 417 1956 intelligere,
431 1879 540 1936 sentire
560 1878 684 1936 firmiter
698 1883 728 1935 et
747 1884 856 1950 tenere,
872 1877 968 1936 dicere
982 1884 1012 1936 et
1032 1880 1168 1956 cogitare,
1184 1880 1265 1957 quod

63 1961 120 2019 tibi
141 1961 256 2038 placeat
270 1967 301 2017 et
314 1961 434 2036 expedit
448 1959 553 2016 animae
566 1978 646 2016 meae.
689 1958 790 2016 Intret
812 1958 941 2035 Spiritus
961 1965 1032 2017 tuus
1053 1961 1148 2018 bonus
1169 1962 1265 2019 incer

62 2061 168 2113 meum,
179 2043 232 2117 qui
245 2047 330 2102 sonet
342 2040 385 2098 ibi
398 2040 461 2100 sine
474 2059 554 2113 sone,
566 2047 597 2097 et
610 2039 673 2097 sine
687 2040 813 2116 strepitu
827 2040 984 2097 verborum
997 2040 1136 2118 loquatur
1145 2061 1263 2100 omnem

61 2123 216 2180 veritatem
230 2128 383 2179 tantorum
396 2121 623 2197 mysteriorum
650 2120 797 2196 profunda
810 2120 918 2197 quippe
931 2127 1002 2179 sunt
1022 2122 1111 2179 nimis
1129 2129 1160 2180 et
1181 2143 1262 2181 sacro

61 2209 140 2260 tecta
153 2203 304 2261 velamine.
347 2202 473 2278 Propter
494 2200 831 2279 magnam'clementiam
851 2209 936 2259 tuam
953 2203 1078 2260 concede
1095 2204 1170 2261 mihi
1191 2204 1263 2262 Mis-

62 2303 160 2342 sarum
173 2284 315 2342 solemnia
328 2303 403 2360 puro
413 2284 498 2340 corde
512 2289 543 2340 et
556 2283 666 2341 munda
676 2288 776 2340 mente
789 2282 941 2341 celebrare.
978 2283 1086 2341 Libera
1099 2304 1263 2344 cormeum

61 2367 98 2422 ab
121 2364 282 2421 immundis
305 2371 336 2421 et
359 2364 502 2436 nefandis,
526 2365 610 2421 vanis
634 2368 664 2420 et
687 2363 785 2420 noxiis
807 2363 1040 2441 cogitationibus.
1098 2366 1188 2423 Muni
1214 2386 1261 2426 me

60 2445 213 2503 beatorum
238 2445 408 2521 angelorum
431 2444 481 2521 pia
505 2450 535 2501 et
557 2444 616 2502 fida
642 2444 776 2502 custodia
797 2449 887 2521 atque
908 2445 1068 2503 fortissima
1087 2448 1183 2504 tutele
1189 2466 1198 2519 3
1227 2456 1263 2505 ut

60 2526 159 2584 hostes
179 2527 323 2583 bonorum
336 2525 469 2583 omnium
486 2525 601 2582 confusi
618 2525 769 2583 discedant
786 2544 839 2601 per
852 2525 994 2583 virtutem
1012 2527 1092 2583 tanti
1109 2528 1243 2604 mysterii
1252 2548 1262 2601 3

62 2613 91 2664 et
112 2626 167 2683 per
185 2626 306 2664 manum
329 2607 423 2664 sancti
443 2606 540 2682 angeli
560 2607 607 2662 tui
628 2605 736 2681 repelle
760 2625 778 2661 a
799 2625 846 2662 me
870 2611 900 2662 et
920 2626 938 2663 a
959 2608 1072 2664 eunetis
1092 2610 1183 2665 servis
1201 2609 1262 2666 tuis

60 2687 250 2745 durissimum
273 2688 408 2764 spiritum
438 2686 580 2762 superbiae
602 2692 633 2743 et
659 2686 835 2757 cenodoxiae,
859 2686 978 2743 invidiae
1006 2692 1037 2744 et
1063 2687 1261 2764 blasphemiae,

60 2769 262 2826 fornicationis
286 2773 316 2825 et
342 2767 547 2838 immundities,
572 2766 732 2823 dubietatis
759 2771 790 2823 et
813 2766 990 2825 diffidentiae.
1034 2766 1262 2826 Confundantur

59 2850 113 2924 qui
143 2867 197 2906 nos
228 2855 452 2925 persequuntur.
505 2847 633 2904 Pereant
664 2847 709 2903 illi
742 2847 795 2921 qui
824 2846 945 2923 perdere
975 2855 1083 2905 cuncte
1108 2848 1259 2908 festinant.

61 2929 130 2987 Rex
156 2930 315 3006 virginum,
343 2935 457 2986 amator
483 2928 628 2986 castitatis
659 2933 690 2985 et
716 2926 897 3003 integritatis
924 2928 1015 3000 Deus,
1043 2928 1166 2986 caelestis
1196 2936 1262 2988 rore

60 3010 272 3068 benedictionis
303 3017 363 3068 tuae
398 3010 540 3086 extingue
574 3010 607 3065 in
639 3028 689 3066 cor
724 3027 824 3064 meum
857 3014 957 3065 totum
993 3009 1092 3084 ignem
1129 3011 1261 3069 ardentis

59 3090 200 3163 libidinis,
224 3097 259 3148 ut
282 3096 400 3148 maneat
422 3091 455 3147 in
478 3109 525 3146 me
549 3095 635 3147 tenor
657 3088 750 3146 totius
772 3089 916 3146 castitatis
940 3090 1068 3165 corporis
1090 3096 1121 3148 et
1144 3091 1257 3150 animae.

61 3170 211 3228 Mortifica
231 3171 265 3228 in
285 3171 425 3229 membris
446 3171 519 3229 meis
540 3170 635 3228 carnis
655 3168 798 3242 stimulos,
814 3189 971 3246 omnesque
992 3167 1164 3229 libidinosas
1185 3192 1262 3231 eom·

60 3253 214 3324 motiones,
230 3259 260 3309 et
277 3253 315 3310 da
332 3252 407 3309 mihi
425 3272 526 3310 veram
546 3257 577 3309 et
596 3257 768 3328 perpetuam
788 3250 962 3323 castitatem,
978 3271 1045 3308 cum
1059 3253 1163 3310 ceteris
1177 3253 1261 3311 donis

60 3333 120 3391 tuis
137 3353 203 3409 quae
226 3333 281 3390 tibi
301 3333 420 3410 placent
443 3334 476 3389 in
493 3333 627 3404 veritate,
642 3337 677 3389 ut
698 3331 874 3388 sacrificium
894 3331 990 3390 laudis
1004 3338 1083 3390 casto
1097 3353 1216 3410 corpore
1230 3341 1261 3392 et

60 3414 172 3471 mundo
185 3415 272 3471 eorde
284 3414 398 3471 valeam
419 3414 477 3471 tibi
498 3414 601 3470 offerre
619 3413 760 3487 quotidie.
804 3412 924 3481 Quanta
937 3413 1015 3470 enim
1037 3414 1132 3472 cordis
1154 3416 1262 3474 contri-

60 3494 141 3552 tione
155 3499 186 3552 et
205 3494 401 3571 lacrymarum
414 3495 559 3566 ubertate,
574 3498 685 3570 quanta
702 3493 868 3551 reverentia
885 3499 916 3550 et
935 3495 1133 3568 veneratione,
1150 3503 1262 3572 quanta

60 3575 188 3652 corporis
202 3578 336 3633 castitate
350 3581 380 3633 et
394 3577 499 3632 animae
513 3576 650 3652 puritate,
666 3574 746 3631 istud
761 3574 895 3631 divinum
909 3580 940 3632 et
960 3575 1073 3633 caeleste
1087 3578 1262 3636 sacrificium

59 3662 104 3713 est
125 3656 340 3729 celebrandum,
356 3656 492 3727 Domine,
507 3657 560 3713 ubi
581 3675 648 3713 caro
670 3661 723 3712 tua
744 3655 777 3712 in
794 3655 920 3713 veritate
941 3657 1077 3730 sumitur,
1093 3664 1123 3715 et
1143 3660 1263 3735 sanguis

59 3743 129 3794 tuus
143 3737 176 3793 in
188 3738 314 3795 veritate
327 3737 450 3808 bibitur,
465 3737 519 3793 ubi
531 3738 592 3793 ima
605 3737 727 3793 summis
737 3737 915 3812 junguntur,
929 3737 983 3793 ubi
996 3738 1078 3795 adest
1092 3747 1261 3797 sanctorum

59 3817 215 3892 praesentia
236 3818 416 3894 angelorum,
437 3818 491 3874 ubi
510 3824 546 3875 tu
569 3837 599 3875 es
621 3818 753 3874 sacerdos
777 3823 808 3874 et
834 3817 1009 3875 sacrificium
1032 3819 1208 3879 mirabiliter
1232 3827 1262 3878 et

58 3897 255 3957 ineffabiliter.

120 3977 194 4048 Quis
208 3980 296 4057 digne
309 3979 364 4038 hoc
378 3978 524 4038 celebrare
538 3984 643 4056 potest,
659 3978 717 4035 nisi
730 3983 774 4050 tu,
786 3978 869 4036 Deus
883 3979 1079 4055 omnipotens
1090 3982 1261 4040 offerentem

58 4059 160 4117 feceris
182 4060 326 4137 dignuml
374 4061 440 4118 Scio
454 4067 485 4118 et
498 4080 567 4118 vere
583 4059 651 4131 scio,
676 4065 707 4116 et
729 4059 858 4135 idipsum
878 4060 1009 4117 bonitati
1030 4067 1090 4118 tuae
1112 4063 1263 4132 confiteor,

60 4141 138 4216 quod
161 4160 223 4198 non
246 4161 312 4198 sum
335 4142 441 4218 dignus
464 4142 501 4199 ed
525 4147 643 4198 tantum
667 4140 802 4197 accedere
825 4141 999 4214 mysterium
1025 4147 1147 4218 propter
1170 4142 1264 4200 nimia

60 4227 179 4296 peccate
201 4241 275 4294 mea,
291 4227 321 4279 et
344 4222 538 4300 negligentias
561 4241 639 4278 meas
663 4219 802 4281 infinitas.
846 4221 904 4278 sed
927 4222 986 4279 scio
1009 4228 1039 4278 et
1061 4223 1203 4280 veraciter
1225 4243 1264 4280 ex

60 4308 123 4360 toto
137 4303 224 4361 eorde
238 4303 332 4375 crede,
347 4323 397 4361 ore
410 4303 559 4376 confiteor,
575 4302 645 4378 quia
657 4307 693 4359 tu
706 4307 789 4377 potes
802 4321 849 4359 me
862 4302 957 4360 facere
972 4302 1103 4378 dignum,
1119 4303 1172 4378 qui
1184 4304 1265 4362 solus

104 4423 118 4448 ¹
135 4423 198 4468 This
213 4437 301 4482 prayer
316 4423 339 4468 ie
353 4424 379 4469 in
394 4423 467 4470 Mss.
479 4424 502 4470 D
513 4424 560 4469 and
571 4424 601 4481 G,
616 4424 660 4468 but
675 4423 757 4468 notin
773 4425 802 4478 B,
814 4425 840 4477 0.
852 4439 879 4469 or
890 4424 924 4479 Ες
940 4424 960 4468 F
976 4423 998 4468 is
1015 4422 1131 4470 defective
1147 4424 1210 4471 from
1225 4427 1267 4473 the

62 4480 135 4540 hymn
145 4487 158 4511 “
166 4483 282 4528 Benedici
288 4486 313 4528 te
322 4484 334 4506 '²
343 4483 370 4533 in
380 4483 485 4530 Sabbeto
496 4483 651 4529 Pentecostes
661 4487 686 4528 to
696 4483 737 4528 the
747 4488 761 4511 ‘⁴
770 4484 852 4530 Gloria
861 4484 887 4528 in
896 4483 1017 4530 exeelsisJ’
