2918 4986
419 324 603 391 Doruiuicu
617 324 720 410 ipost
737 324 801 391 Oct.
818 324 1036 411 Epiphania.
1289 333 1330 394 35

126 495 198 553 facis
212 493 361 551 mirabiles
373 511 427 550 res.
467 491 631 550 Consilium
645 498 731 549 tuum
745 492 903 568 antiquum
916 512 1021 550 verum
1036 493 1095 551 fiat.
1132 493 1268 568 Domine,
1284 516 1333 554 ex-

123 576 236 635 celsum
250 581 295 632 est
307 573 460 631 brachium
473 580 578 631 tuum:
608 572 690 630 Deus
705 573 844 644 Sabaoth,
860 593 966 631 corona
987 574 1058 650 spei,
1079 594 1144 650 quae
1165 584 1270 634 emata
1290 585 1334 636 est

123 658 227 734 gloria.
271 654 396 711 Exultet
417 654 572 725 desertum,
589 662 619 710 ct
637 653 773 711 exultent
792 653 966 712 solitudines
978 655 1000 712 J
1002 650 1120 712 ordani's
1135 676 1141 712 :
1165 662 1195 713 et
1208 658 1334 734 populus

128 757 212 796 meus
226 736 339 794 videbit
351 733 540 792 altitudinem
555 734 677 791 Domini
692 742 721 791 et
736 735 920 810 majestatem
935 735 1001 807 Dei,
1018 742 1048 794 ct
1065 736 1123 793 erit
1141 745 1346 814 congregatus.

126 826 157 877 et
170 818 340 894 redemptus
353 835 406 892 per
420 815 524 872 Deum.
563 813 604 871 Et
617 815 718 873 veniet
732 815 765 871 in
779 815 851 872 Sion
865 835 933 874 cum
946 816 1054 892 gaudio
1067 823 1098 874 et
1113 816 1218 875 leutitia
1232 820 1335 897 sempi-

126 906 233 957 terna:
263 916 350 974 super
371 901 460 972 caput
481 896 544 970 ejus
566 894 630 953 laus
652 903 683 953 et
705 895 858 954 exultatio.
916 895 957 953 Et
978 897 1108 974 aperiam·
1130 899 1162 955 in
1184 901 1335 959 montibus

127 980 274 1039 fiumina:
302 979 335 1034 in
356 977 460 1034 mediis
482 977 591 1052 campis
612 977 709 1034 fontes
731 976 908 1052 dirumpam,
924 982 954 1035 et
972 984 1083 1035 terram
1103 979 1252 1037 sitientem
1272 982 1335 1040 siue

127 1080 205 1137 aqua
218 1059 402 1117 confundam.
446 1057 521 1115 Ecce
535 1077 608 1133 puer
621 1076 704 1114 meus
718 1057 908 1129 exaltabitur,
925 1063 955 1115 et
969 1057 1142 1132 elevabitur,
1158 1066 1188 1117 et
1202 1061 1336 1119 sublimis

128 1143 185 1202 erit
198 1140 290 1197 valde.
334 1138 490 1196 Haurietis
503 1157 594 1213 aquas
608 1137 640 1194 in
653 1137 759 1214 gaudio
775 1139 811 1195 de
825 1137 958 1195 fontibus
974 1138 1153 1198 Salvatoris:
1181 1147 1211 1198 et
1232 1142 1335 1200 dicetis

127 1224 160 1280 in
173 1221 226 1278 illa
239 1221 295 1292 die,
311 1218 501 1277 Confitemini
522 1218 660 1290 Domino,
676 1224 706 1275 et
721 1219 856 1276 invocate
870 1239 979 1276 nomen
994 1220 1076 1295 ejus3
1103 1227 1189 1278 notas
1202 1222 1289 1280 facite
1303 1224 1335 1280 in

92 1360 94 1365 ,
126 1302 244 1380 populis
277 1300 501 1358 adinventiones
528 1299 614 1374 ejus:
652 1305 769 1356 cantate
803 1299 941 1373 Domino,
972 1301 1043 1376 quia
1069 1301 1216 1360 mirabilia
1242 1304 1336 1376 fecit,

80 1422 86 1428 -
128 1383 305 1440 annuntiate
326 1381 382 1438 hoc
404 1381 437 1437 in
458 1379 597 1437 universa
618 1385 704 1438 terra

191 1463 324 1522 Grodcle.
370 1460 479 1518 Omnes
493 1460 529 1517 de
544 1460 627 1518 Saba.

189 1544 336 1619 Alleluya.
388 1541 587 1600 [Vidimus.

186 1624 349 1700 Sequentia.
393 1622 600 1699 Epiphaniam,
615 1630 649 1678 ut
662 1641 760 1696 sopra.
807 1620 880 1680 Toto
893 1621 1017 1680 dicutur.

187 1704 355 1763 Secundum
369 1703 533 1764 Johonuem
546 1702 583 1780 (i.
601 1702 715 1780 29-34).

188 1785 228 1843 In
241 1785 293 1843 illo
306 1792 446 1861 tempore,
462 1783 550 1840 Vidit
563 1783 585 1840 J
587 1802 695 1840 oannes
708 1803 798 1858 aspice
812 1784 853 1840 cd
866 1789 911 1840 est
924 1782 1019 1841 Filius
1034 1783 1098 1842 Dei

191 1866 291 1925 Credo.
760 1871 762 1875 ’

190 1945 380 2022 Offertoricuu.
425 1945 521 2022 Reges
542 1944 669 2017 Tharais,
689 1953 715 2002 et
736 1953 831 2002 cetero.

125 2067 128 2076 ι
189 2026 310 2087 Secreto.

189 2108 313 2166 Hostias
326 2106 392 2179 tihi,
408 2105 544 2178 Domine,
560 2125 612 2182 pro
627 2105 690 2162 nati
704 2104 775 2162 Filii
788 2105 835 2162 tui
848 2106 1032 2182 apparitione
1047 2107 1212 2182 deferimus,
1228 2110 1335 2187 suppli-

125 2190 201 2248 citer
215 2195 369 2246 exorantes
382 2208 391 2261 ;
412 2193 448 2245 ut
461 2188 536 2244 sicut
550 2187 612 2263 ipse
625 2192 794 2243 nostrorum
808 2192 911 2243 auctor
924 2193 969 2245 est
982 2207 1148 2262 munerum,
1163 2191 1206 2247 ita
1219 2191 1281 2267 ipse
1295 2193 1334 2250 sit

126 2270 290 2328 misericors
304 2275 335 2327 et
347 2274 506 2344 susceptor,
523 2267 670 2324 Dominus
683 2273 783 2324 noster
796 2267 818 2324 J
819 2286 884 2324 esus
899 2267 1042 2327 Christus.
1088 2269 1148 2338 Qui
1161 2277 1266 2330 tecum.

190 2349 338 2426 Praefatio.
383 2349 460 2418 Quia
474 2368 541 2406 cum
555 2347 720 2423 Unigeniti
765 2347 1030 2408 Communicantes.

192 2430 370 2490 Communia.
414 2429 554 2486 Vidimus
568 2429 689 2486 stellam.

190 2511 428 2570 Posicommuuc'o.

189 2592 307 2651 Oaelesti
332 2592 452 2663 lumine,
481 2610 656 2667 quaesumus,
686 2589 823 2662 Domine,
853 2609 966 2667 semper
996 2591 1044 2650 hic
1071 2598 1102 2649 et
1135 2594 1246 2670 ubique
1279 2615 1333 2653 nos

125 2673 275 2752 praeveni:
295 2678 331 2729 ut
344 2671 526 2748 mysterium,
541 2672 624 2747 cujus
636 2690 690 2729 nos
703 2671 860 2748 participes
874 2690 935 2728 esse
948 2671 1077 2744 voluisti,
1094 2680 1124 2730 et
1144 2694 1218 2750 puro
1235 2695 1333 2734 cerna-

127 2774 194 2812 mus
206 2754 330 2828 intuitu,
345 2760 375 2810 et
389 2753 476 2829 digno
490 2751 684 2829 percipiamus
697 2751 810 2811 effectu.
855 2752 913 2808 Per
927 2752 1096 2810 Dominum.

356 2936 517 2995 Douuuoa
537 2951 633 2991 rarus
654 2946 726 2992 rosr
746 2933 885 2991 Ocravns
907 2934 1096 2993 Er1rnnu1n.

189 3080 240 3138 Ad
252 3079 384 3138 Missum.
432 3077 570 3152 Officium.

190 3161 230 3218 In
251 3159 364 3218 excelso
381 3159 489 3216 throno
504 3158 567 3214 vidi
581 3157 680 3214 sedere
701 3157 808 3227 virum,
829 3175 917 3231 quem
935 3156 1038 3214 adorat
1056 3158 1216 3216 multitudo
1237 3164 1333 3240 angel-

125 3261 214 3300 orum
228 3241 385 3318 psallentes
397 3239 431 3296 in
443 3258 537 3295 unum
551 3259 556 3295 :
577 3257 641 3296 ecce
655 3237 738 3313 cujus
751 3236 868 3313 imperii
882 3256 989 3294 nomen
1002 3244 1046 3295 est
1059 3239 1092 3295 in
1106 3246 1256 3301 aeternum

187 3322 412 3541 {pffipffieo'
426 3399 521 3457 omnis
534 3405 632 3472 terra3
653 3399 760 3457 servite
775 3397 904 3456 Domino
916 3400 950 3457 in
963 3399 1075 3458 laetitia.

189 3492 476 3639 viiiio'quaesumua
493 3561 630 3632 Domine,
649 3560 841 3636 supplicantis
862 3560 965 3636 populi
987 3562 1095 3619 caelesti
1109 3564 1219 3639 pietate
1241 3587 1336 3643 prose-

129 3664 239 3722 quere:
268 3649 303 3701 ut
326 3649 356 3700 et
377 3663 442 3719 quae
464 3642 576 3718 agenda
597 3648 667 3699 suut
688 3641 818 3714 videant,
841 3648 872 3698 et
894 3640 932 3698 ad
952 3642 1101 3718 implenda
1118 3665 1183 3721 quae
1197 3647 1337 3707 viderunt
1425 3685 1430 3695 .

127 3725 342 3784 convalescant.
386 3724 445 3781 Per
458 3722 628 3780 Dominum.

191 3804 307 3881 Epistol
325 3848 332 3861 .
378 3803 427 3861 Au
441 3802 586 3862 Romanos
599 3803 674 3876 (scii.¹
686 3801 760 3879 1-5)

191 3886 330 3944 Fratres:
359 3885 486 3943 Obsecro
504 3904 556 3941 vos
574 3903 626 3959 per
646 3883 874 3940 misericordiam
888 3882 955 3956 Dei,
971 3890 1007 3941 ut
1029 3885 1194 3947 exhibeatis
1216 3909 1337 3967 corpora

130 3972 229 4024 vestra
248 3985 339 4042 uapore
360 3967 401 4023 od
422 3964 532 4043 singuli
553 3970 652 4021 autem
674 3963 750 4021 alter
771 3963 892 4021 alterius
913 3966 1053 4040 membra,
1070 3967 1110 4024 In
1125 3968 1243 4028 Christo
1262 3972 1284 4029 J
1285 3992 1335 4030 esu

134 4047 264 4105 Domino
277 4051 385 4121 nostro.

196 4126 329 4186 Gradule.

132 4208 368 4347 muBlenedictus
381 4207 530 4265 Dominus
543 4207 625 4265 Deus
646 4205 746 4279 Israel,
764 4206 815 4283 qui
837 4205 908 4264 facis
931 4207 1078 4267 mirabilia
1099 4231 1206 4288 magna
1219 4212 1297 4270 solus
1318 4234 1334 4272 a

223 4308 248 4347 o.

138 4369 169 4431 V.
192 4368 360 4446 Suscipiunt
373 4375 488 4428 montes
501 4388 602 4446 panem
617 4369 722 4446 populo
737 4374 799 4442 tuo,
814 4375 844 4426 et
858 4369 944 4427 colles
954 4370 1112 4445 justitiam.

195 4449 343 4528 Alleluya.
391 4451 419 4510 V.
442 4450 464 4510 J
465 4451 577 4508 ubilate
591 4450 656 4508 Deo
670 4449 765 4507 omnis
778 4454 876 4509 terra:
900 4452 1007 4508 servite
1026 4451 1154 4512 Domino
1173 4453 1206 4511 in
1219 4453 1331 4514 laetitia
