2918 4986
334 362 429 428 Dom.
452 383 502 428 aa.
522 370 597 448 post
622 362 757 429 Octavus
777 362 984 428 Pentecosten.
1196 362 1260 431 237

118 528 287 588 Samariam
300 528 413 587 anom
426 528 505 599 (ciii.
525 530 571 587 1-3
572 529 602 604 ).

118 610 159 667 In
182 610 235 668 illo
258 618 399 686 tempore,
423 611 489 668 Iter
511 610 639 668 faciebat
661 610 751 668 Jesus
774 629 828 687 per
852 610 988 669 civitates
1015 629 1106 686 aeque
1126 611 1167 668 od
1194 628 1262 686 quee-

56 691 269 750 ministrabant
282 692 311 750 ei
324 691 360 749 de
374 691 565 750 facultatibus
579 692 647 749 suis.

174 902 352 976 'Dounucs
373 903 499 960 Dncrua
518 917 635 971 orrum
656 917 728 959 rosr
749 900 889 960 Ocravas
911 902 1131 961 Parrncosrrs

123 1022 265 1098 Officium.

119 1103 246 1175 Inclina,
268 1104 405 1175 Domine,
427 1123 529 1162 aurem
548 1111 642 1175 tuam,
663 1110 694 1162 et
717 1104 826 1162 exaudi
846 1124 912 1164 me:
933 1105 1050 1162 salvum
1074 1105 1120 1163 sac
1144 1124 1262 1163 servum

64 1193 156 1258 tunm,
172 1185 255 1243 Deus
269 1205 360 1256 meus,
375 1191 541 1262 sperantem
555 1186 588 1243 in
601 1191 649 1242 te:
670 1184 807 1244 miserere
820 1185 904 1257 mihi,
919 1187 1057 1257 Domine,
1072 1187 1211 1262 quoniam
1226 1186 1264 1244 ad

63 1276 92 1325 te
105 1267 232 1324 clamavi
244 1274 310 1324 tota
323 1268 378 1327 die.
424 1340 427 1345 ‚

121 1347 268 1405 Palmae.

120 1429 261 1500 Laetifica,
276 1428 407 1486 animam
425 1428 503 1486 servi
519 1428 583 1486 tui:
604 1428 744 1505 quoniam
757 1429 795 1486 ad
808 1436 848 1501 tc,
864 1429 1001 1501 Domine,
1016 1429 1145 1487 animam
1166 1448 1262 1487 meam

66 1510 168 1568 levavi.

126 1590 235 1648 Oratio.

121 1671 253 1742 Custodi,
266 1672 403 1741 Domine,
415 1691 591 1747 quaesumus,
603 1671 764 1729 Ecclesiam
778 1677 861 1730 tuam
875 1671 1087 1749 propitiatione
1099 1677 1243 1750 perpetua
1255 1694 1261 1729 :

66 1757 94 1809 et
106 1753 177 1829 quia
190 1753 252 1810 sine
266 1759 296 1810 te
310 1752 421 1809 labitur
433 1753 564 1810 humana
577 1753 750 1825 mortalitas,
762 1753 822 1811 tuis
836 1773 950 1828 semper
963 1753 1092 1824 auxiliis,
1108 1760 1139 1813 et
1152 1754 1263 1811 abstra-

67 1833 153 1890 hatur
166 1854 184 1891 a
197 1834 305 1904 noxiis,
319 1841 349 1890 et
363 1834 400 1890 ad
413 1834 555 1891 salutaria
568 1833 720 1910 dirigatur.
764 1834 823 1893 Per
837 1833 1008 1894 Dominum.

124 1912 174 1972 Ad
189 1914 310 1972 Galatae
323 1913 365 1990 (v.
382 1914 498 1973 25-a:
517 1914 554 1972 10
554 1914 581 1992 )

123 1995 242 2053 Fratres
254 2017 260 2054 :
283 1995 315 2052 Si
329 1995 435 2072 spiritu
445 1995 582 2066 vivimus,
595 1995 702 2072 spiritu
712 2002 743 2053 et
753 1994 937 2053 ambulemus
950 2016 1040 2071 aeque
1054 1997 1095 2054 ad
1108 2016 1263 2074 operemur

68 2076 175 2135 bonnm
188 2077 226 2134 ad
239 2096 350 2149 omnes,
364 2076 494 2135 maxime
507 2082 607 2134 autem
620 2076 658 2133 ad
672 2077 845 2135 domesticos
858 2076 935 2135 fidei.

127 2157 262 2217 Grndale.

124 2239 243 2296 Bonum
256 2244 301 2296 est
315 2238 458 2296 confidere
471 2238 504 2295 in
518 2238 665 2296 Domino:
686 2259 775 2316 quam
789 2239 935 2297 confidere
948 2240 981 2297 in
993 2239 1120 2299 homine.

76 2317 100 2378 V.
126 2319 246 2377 Bonum
259 2327 303 2376 est
316 2339 432 2395 sperare
445 2320 478 2376 in
492 2319 638 2377 Domino:
660 2340 749 2395 quam
763 2340 878 2396 sperare
891 2321 924 2378 in
938 2321 1128 2399 principibus.

124 2400 274 2476 Alleluya.
323 2400 351 2458 V.
375 2401 496 2472 Venite,
516 2401 681 2459 exultemus
703 2402 848 2460 Domino:
872 2401 1036 2478 jubilemus
1057 2404 1122 2461 Deo
1142 2401 1266 2461 salutari

71 2489 175 2541 nostro.

126 2561 294 2621 demandam
307 2562 347 2618 M
343 2563 481 2620 utiterum
494 2561 548 2638 (oi,
566 2562 682 2638 24-33).

55 2666 59 2671 ·
125 2643 166 2700 In
185 2643 237 2700 illo
258 2651 398 2720 ternpore,
420 2644 509 2700 Dixit
529 2643 551 2701 J
553 2662 618 2700 esus
638 2643 788 2718 discipulis
808 2642 887 2715 auis3
909 2643 1006 2700 Nemo
1029 2650 1127 2720 potest
1150 2644 1269 2703 duobus·

70 2722 194 2783 dominia
208 2725 317 2782 servire
330 2744 421 2800 usqae
434 2725 475 2782 od
488 2731 518 2783 et
531 2725 594 2782 haec
608 2725 707 2781 omnia
720 2723 897 2799 adjicientur
910 2725 1001 2782 vobis.

128 2805 322 2880 Offirtora'am.

124 2887 309 2963 Exspectans
322 2886 491 2964 exspectavi
501 2886 673 2958 Dominum,
684 2892 715 2944 et
725 2886 855 2962 respexit
868 2905 932 2944 me:
954 2892 984 2943 et
998 2886 1151 2944 exaudivit
1165 2887 1268 2964 depre

62 2968 212 3026 nationem
225 2987 329 3040 meam,
344 2974 375 3026 et
388 2969 511 3026 immisit
524 2969 556 3025 in
571 2988 603 3026 os
618 2988 718 3026 meum
738 2968 886 3025 canticum
905 2987 1026 3039 novum,
1041 2967 1187 3043 hymnum
1201 2970 1266 3027 Deo

60 3054 176 3107 nostro.

126 3129 247 3190 Secreto.

125 3210 259 3268 Concede
279 3211 372 3283 nobis,
388 3231 564 3288 quaesumus,
579 3211 715 3284 Domine,
730 3217 766 3268 ut
785 3210 847 3269 haec
867 3211 965 3268 hostia
985 3209 1131 3277 salutaris,
1150 3217 1181 3269 et
1200 3232 1265 3269 nos-

54 3292 183 3351 trorum
205 3293 259 3349 fiat
279 3293 417 3369 purgatio
440 3299 635 3369 peccatorum,
658 3299 689 3351 et
711 3298 771 3350 tuae
794 3292 966 3368 propitiatio
990 3293 1160 3368 majestatis.
1207 3294 1267 3351 Per

53 3367 240 3432 Dominum.

128 3452 312 3513 Communia

128 3535 190 3604 eri
202 3535 359 3593 manducat
373 3554 490 3594 carnem
499 3555 604 3608 meam,
616 3542 647 3594 et
656 3536 733 3594 bibit
742 3535 916 3612 sanguinem
926 3555 1024 3594 meum
1036 3557 1041 3594 :
1058 3536 1090 3593 in
1099 3556 1148 3595 me
1156 3544 1271 3610 manet.

52 3624 93 3676 et
109 3635 167 3691 ego
180 3615 213 3672 in
226 3636 267 3687 eo,
283 3617 357 3674 dicit
370 3617 524 3676 Dominus.

127 3696 370 3756 Poctcommaaa’n
439 3731 442 3738 ·

126 3777 291 3836 Purificent
311 3798 426 3855 semper
444 3785 476 3838 et
495 3780 633 3838 muniant
651 3785 705 3838 tua
724 3784 908 3838 sacramenta
927 3798 982 3837 nos
996 3780 1087 3851 Dens,
1101 3786 1133 3839 et
1151 3780 1189 3839 ad
1205 3801 1272 3858 per«
1324 3787 1325 3791 ’

50 3866 164 3932 petuas
192 3859 300 3918 ducant
328 3861 498 3919 salvationis
529 3862 673 3920 effectum.
724 3860 783 3919 Per
809 3861 979 3918 Dominum·
999 3867 1136 3920 nostrum
1162 3862 1266 3920 Jesum

56 3940 231 4000 Christum.

174 4112 276 4171 Fama
297 4113 427 4182 Quaeri
448 4114 620 4183 Quirinos
640 4130 807 4173 annnorum
828 4130 938 4173 nauus
960 4115 1157 4173 Sarrnuarus

127 4234 287 4375 {2201}proe
301 4317 365 4374 Deo
379 4318 509 4395 adjutori
521 4325 640 4377 nostro:
657 4318 786 4394 jubilate
800 4318 864 4376 Deo
878 4318 980 4389 Jacob,
996 4317 1103 4374 sumite
1121 4317 1267 4394 psalmum

58 4397 229 4473 jocundum
242 4418 310 4457 cum
324 4399 454 4458 cithara:
475 4401 572 4458 canite
592 4400 714 4458 initium
734 4399 842 4458 mensis
862 4401 943 4470 tuba,
959 4398 1029 4474 quia
1042 4405 1221 4475 praeceptum
1235 4400 1268 4457 in

66 4479 164 4539 lsrael
179 4486 241 4562 est:
262 4489 293 4537 et
302 4481 449 4557 judicium
464 4482 528 4540 Deo
541 4481 636 4540 Jacob
