2918 4986
385 366 478 432 Doce.
501 366 601 452 issac
625 365 688 432 Oct.
710 364 936 431 Ascease‘ocis.

143 532 170 591 0
184 538 296 609 quanta
309 552 429 590 summae
443 534 603 609 majestatis
617 533 774 607 miseratio,

143 614 215 683 Quae
229 619 364 671 nostrum
377 614 432 672 tali
445 614 520 672 lenit
533 615 663 671 dolorem
676 615 796 672 solatio:

140 694 315 752 Laetantur*
330 695 427 771 angeli
440 696 563 752 inventa
576 701 606 752 et
620 701 770 771 reportata
783 714 837 752 ove
851 693 1016 752 centesima.

142 774 260 832 Gaudet
272 775 357 833 unita
371 775 492 852 dragma
506 777 564 834 Dei
577 776 727 852 sapientiae
741 775 878 833 thesauro
893 775 1024 832 decima:

143 855 279 913 Gaudeat
292 876 360 932 ergo
374 856 422 913 die
435 857 493 914 ista
505 856 593 914 homo
607 862 691 914 tanta
705 856 762 913 sibi
774 856 807 913 in
823 856 940 914 Christo
949 856 1013 932 jam
1028 854 1097 912 data
1109 853 1211 931 gloria,

142 937 183 994 Et
196 937 284 994 terris
297 936 393 994 adhuc
412 936 543 994 fidelium
564 938 652 996 turba
672 937 803 994 militans
823 937 947 994 laudum
964 935 1082 993 Christo
1097 935 1192 993 solvat
1218 949 1221 957 '
1307 991 1309 995 ,

222 1017 384 1094 praeconia;

142 1098 270 1156 Poscens
282 1104 317 1155 ut
326 1098 455 1174 jocunda
468 1099 624 1156 salvatoris
637 1099 711 1155 visio

142 1178 248 1249 Nobis,
261 1179 331 1236 ritae
345 1178 433 1255 hujus
446 1180 524 1236 facto
537 1179 673 1252 termino,

143 1258 255 1316 Christi
266 1260 409 1336 praelarga
422 1260 549 1317 donetur
562 1260 734 1317 clementia:

141 1339 222 1398 Laus
235 1341 283 1397 oui
295 1340 335 1399 sit
348 1346 379 1398 et
392 1340 492 1418 gloria.

123 1434 296 1513 Sequentia.-

180 1518 313 1575 Laetetur
326 1518 404 1575 orbis
418 1518 464 1575 die
478 1518 542 1587 ista,
556 1517 589 1575 in
603 1537 661 1594 qua
674 1525 782 1576 nostrae
795 1537 862 1576 cum
877 1517 972 1575 carnis
985 1516 1152 1575 substantia

181 1598 316 1656 Christus
330 1599 428 1656 Patris
442 1600 555 1657 locatur
568 1599 600 1654 in
614 1598 742 1656 dextera.

181 1678 288 1736 Casum
302 1679 389 1736 hodie
403 1685 536 1737 nostrum
550 1679 663 1737 Christi
676 1680 788 1737 relevat
800 1679 937 1752 ascensio,

180 1758 223 1816 Et
235 1761 428 1836 reparationis
441 1761 476 1817 fit
489 1761 625 1818 humanae
639 1761 858 1818 consummatio

181 1840 213 1896 N
213 1860 262 1898 am
276 1841 391 1917 lapsum
404 1841 531 1899 hominis
544 1841 685 1899 miserans
700 1841 758 1899 Dei
771 1841 935 1914 clementia,

180 1921 280 1978 Natus
293 1922 329 1978 de
343 1922 457 1998 virgine
470 1922 506 1979 fit
519 1922 606 1979 homo
620 1922 695 1978 mira
708 1922 847 1998 potentia

181 2000 222 2058 Et
236 2002 306 2078 quia
318 2022 379 2060 non
393 2009 456 2060 erat
470 2002 567 2060 hostia
581 2023 645 2078 quae
659 2003 763 2059 mundi
776 2008 916 2080 purgaret
929 2002 1062 2076 erimina,

181 2080 240 2139 Pro
253 2083 338 2140 nobis
350 2084 485 2155 moritur,
501 2084 599 2140 caelica
611 2085 653 2141 sic
666 2084 751 2141 nobis
764 2103 894 2141 reserans
907 2083 1011 2140 limina
1021 2102 1031 2156 3

181 2162 221 2220 Et
235 2163 367 2239 spoliatis
380 2164 482 2221 inferis
496 2164 543 2221 die
559 2165 719 2222 resurrexit
734 2165 838 2222 tertia:

181 2242 427 2320 Confirmatisque
441 2245 599 2321 discipulis,
615 2246 653 2303 ad
667 2246 730 2303 eseli
744 2245 889 2318 sublimia,

181 2323 363 2382 Videntibus
377 2326 437 2382 illis
451 2325 537 2383 hodie
551 2332 653 2383 nostra
666 2326 830 2403 regreditur
844 2345 912 2384 cum
925 2345 1019 2384 carne.

179 2403 245 2481 Ipsi
258 2405 321 2462 laus
335 2412 365 2463 et
379 2407 472 2464 honor
486 2408 518 2462 in
532 2407 643 2464 saecula.

114 2510 268 2585 Praefatio.
312 2512 371 2581 Qui
388 2519 453 2590 post
467 2515 709 2571 resurrectionem
723 2523 749 2571 et
763 2512 1021 2571 Communicantes
1034 2521 1061 2570 et
1074 2521 1172 2585 cetere,
1189 2511 1263 2570 eme

51 2589 87 2649 io
100 2593 150 2649 die
158 2601 268 2667 prester
282 2593 384 2651 Credo,
429 2594 513 2665 Quod
535 2603 649 2652 testum
671 2596 781 2652 <licitur
799 2595 834 2652 irs
847 2594 1004 2652 Domice'cu
1024 2592 1108 2668 infru
1121 2602 1147 2651 et
1167 2593 1202 2650 c'n
1214 2593 1261 2652 dc'e

55 2682 164 2730 octove.

113 2753 175 2815 †Et
197 2754 224 2811 ss'
235 2757 295 2828 fiet
315 2753 474 2813 Servitium
495 2758 530 2813 de
551 2757 634 2813 Festo
653 2755 779 2830 alicujus
792 2754 895 2813 Sancti
918 2753 1002 2830 infre
1017 2753 1139 2811 Octavus
1155 2754 1212 2812 sice
1226 2754 1261 2812 ce

57 2835 329 2903 mceceemorate'cca
344 2836 455 2893 dicetur
468 2835 609 2910 Preefcte'o
623 2846 649 2893 et
663 2835 920 2893 Oommunioautes
939 2836 973 2892 cte
987 2833 1164 2908 Accessisse,
1187 2833 1261 2892 meat

58 2915 166 2974 dicitecr
179 2915 214 2972 ic
226 2915 320 2974 Fertis
332 2916 507 2975 Sacectorecc
522 2916 606 2992 e'cfrc
624 2916 825 2988 Nativitatem,
841 2915 945 2973 scilicet
964 2914 1107 2990 Praefatio
1128 2924 1155 2974 et
1177 2913 1261 2972 Osm-

59 2996 241 3054 nunioantes
255 2999 290 3056 ete
302 2996 495 3057 Notescent

312 3196 450 3254 sinemo
470 3197 513 3255 cd
524 3197 657 3270 Missam,
673 3206 707 3255 eet
721 3197 755 3255 s're
768 3197 815 3254 dc'e
823 3195 1004 3273 praecedenti

318 3343 478 3427 Donrnrca
499 3361 593 3402 mres
614 3345 753 3404 Ocravas
774 3344 988 3402 Ascnusronrs.

117 3446 259 3522 Officium.

115 3527 244 3600 Exaudi,
261 3529 397 3603 Domine,
412 3550 515 3588 vocem
528 3552 622 3590 meam
637 3553 696 3609 qua
710 3531 835 3589 clamavi
853 3531 891 3587 ad
907 3535 946 3602 te,
961 3527 1097 3604 alleluya,
1114 3527 1241 3604 alleluya
1249 3547 1259 3602 3

61 3605 114 3663 tibi
134 3608 214 3665 dixit
235 3629 285 3666 cor
310 3630 418 3683 meum,
444 3613 567 3688 quaesivi
593 3613 710 3671 vultum
737 3619 841 3670 tuum:
863 3609 982 3668 vultum
1002 3619 1097 3682 tuum,
1121 3609 1258 3683 Domine,

61 3689 282 3828 τθῳὶὶὶωαιῖηεωῃθ
295 3698 411 3749 avertas
423 3691 528 3751 faeiem
542 3701 624 3751 tuam
638 3714 656 3751 a
669 3714 725 3766 me,
741 3692 877 3769 alleluya,
892 3690 1026 3766 alleluya.

115 3791 263 3989 glutinus
276 3852 456 3912 illuminatio
468 3874 533 3912 mea
547 3876 553 3913 :
574 3861 604 3913 et
618 3856 696 3914 salus
709 3874 793 3929 mea;
815 3872 903 3932 quem
915 3850 1048 3911 timebat

116 3940 311 4089 Olnllllopotens
332 4015 508 4092 sempiterne
527 4016 617 4089 Deus,
632 4017 677 4074 fao
691 4037 745 4075 nos
758 4016 816 4076 tibi
829 4034 943 4091 semper
956 4019 987 4071 et
1001 4013 1139 4072 devotam
1158 4033 1257 4092 gerere

59 4089 250 4166 voluntatem,
268 4099 298 4152 et
311 4097 460 4172 majestati
472 4104 532 4155 tuae
546 4099 658 4156 sincero
672 4098 757 4156 eorde
771 4097 888 4156 servire.
931 4094 991 4152 Per
1003 4094 1176 4154 Dominum.

114 4189 211 4250 Lectio
223 4191 363 4268 Epistola
377 4195 452 4253 beati
464 4196 547 4254 Petri
560 4195 690 4272 Apostoli
703 4196 737 4274 (l
754 4196 790 4253 ie.
808 4194 825 4254 7
828 4195 877 4252 -ll
880 4193 905 4272 )
1001 4253 1004 4258 .

114 4270 275 4346 Uerissimi,
291 4274 395 4333 Estote
407 4277 567 4352 prudentes
581 4284 611 4336 et
624 4278 745 4354 vigilate
758 4277 790 4334 in
804 4273 986 4333 orationibus
999 4293 1089 4350 aspere
1108 4274 1150 4331 od
1169 4278 1205 4331 ut
1224 4273 1257 4332 in

57 4353 187 4414 omnibus
200 4355 414 4414 honorificetur
426 4357 517 4432 Deus,
533 4378 585 4435 per
597 4358 620 4417 J
621 4379 702 4418 esum
717 4357 871 4417 Christum
884 4354 1049 4413 Dominum
1061 4360 1204 4414 nostrum.

205 4484 207 4488 ’
281 4507 296 4535 r
311 4505 533 4556 nau-naama.
763 4510 972 4573 arom-nso.
