2918 4986
258 401 259 404 =
359 353 508 422 dabbato
521 354 653 422 Smtclo.
690 353 908 441 Septiforuuic
921 349 1087 423 Ιιιοιιια.
1240 354 1325 421 Ἰ119

130 517 158 580 Υ.
183 519 225 578 Ilt
238 521 395 578 maceriam
408 521 610 595 circumdedit,
622 527 653 580 et
667 520 862 596 circumfodit,
875 527 906 581 et
918 519 1068 600 plantavit
1077 520 1195 580 vineam
1209 520 1324 594 Soreth,

123 607 153 660 ct
165 600 322 660 aedificavit
335 602 443 660 turrim
457 603 491 659 in
503 602 601 660 medio
615 603 685 679 ejus.

129 681 158 744 V.
182 682 225 822 gt
236 683 367 740 torcular
379 683 455 741 fodit
468 684 501 743 in
514 703 568 746 ea:
588 683 676 743 vinea
689 681 813 744 Domini
826 683 958 745 Sabaoth
971 681 1077 744 domus
1093 682 1188 744 Israel
1201 689 1256 744 est.

210 783 317 823 remus.

184 843 293 903 Oratio.

181 923 273 999 Deus,
289 925 343 1002 qui
353 945 408 984 nos
421 923 459 984 ad
472 924 679 986 celebrandum
692 925 833 986 Paschale
854 932 1079 999 sacramentum,
1095 926 1253 1004 utriusque
1271 930 1327 983 tes-

123 1006 248 1064 tamenti
260 1006 375 1084 paginis
388 1006 541 1067 imbuisti:
561 1007 599 1065 da
611 1007 697 1066 nobis
710 1007 875 1084 intelligere
888 1008 1118 1066 misericordium
1132 1014 1224 1077 tuam,
1239 1013 1274 1064 ut
1287 1026 1326 1064 ex

122 1087 308 1164 perceptione
338 1089 528 1164 praesentium
558 1107 724 1163 munerum,
748 1089 835 1148 firma
865 1088 905 1149 sit
936 1087 1118 1166 exspectatio
1147 1088 1324 1146 futurorum.

124 1168 183 1226 Per
196 1167 371 1235 Dominum.

182 1248 277 1306 Lectio
291 1258 406 1325 quarta.
449 1249 553 1327 (Dect.
535 1249 646 1308 Manui
663 1249 713 1308 22-
715 1250 759 1308 30.
762 1247 780 1328 )

183 1329 307 1406 Scripsit
327 1329 445 1405 Moyses
465 1330 622 1403 canticum,
637 1336 668 1388 et
687 1330 789 1388 docuit
808 1326 884 1390 filios
904 1328 998 1388 Israel
1017 1347 1109 1405 usque
1128 1327 1171 1388 ad
1186 1327 1325 1388 audiente

122 1409 260 1468 universo
281 1416 358 1468 coctu
377 1411 507 1469 filiorum
526 1375 629 1486 Israel,
643 1412 734 1470 verba
754 1410 892 1470 carminis
911 1410 1010 1488 hujus,
1024 1421 1056 1471 et
1072 1409 1110 1469 ad
1127 1410 1217 1469 finem
1233 1428 1326 1486 usque

123 1491 290 1569 complevit.

184 1573 316 1631 Proetus.

181 1653 317 1711 Attende
330 1653 435 1711 caelum
449 1657 479 1711 et
492 1653 616 1731 loquar:
638 1658 669 1712 et
682 1651 785 1712 audiat
798 1654 879 1712 terra
891 1650 982 1711 verba
996 1671 1034 1710 ex
1047 1671 1097 1711 ore
1110 1671 1185 1711 meo.

129 1732 159 1793 V.
184 1733 369 1810 Expectetur
388 1735 464 1792 sicut
485 1734 588 1811 pluvia
608 1733 771 1828 eloquium·
779 1753 902 1792 meum:
930 1739 961 1794 et
982 1733 1161 1791 descendant
1182 1730 1259 1791 sicut
1280 1751 1328 1790 ros

123 1815 228 1879 verba
236 1834 321 1873 mea:
350 1815 427 1873 sicut
450 1815 545 1873 imber
568 1834 656 1894 super
678 1814 829 1893 momina.
857 1819 889 1872 ct
910 1815 988 1873 sicut
1009 1813 1064 1872 nix
1085 1825 1174 1891 super
1195 1813 1327 1871 faenum:

123 1895 194 1972 qnia
206 1915 315 1953 nomen
329 1895 453 1953 Domini
466 1896 618 1954 invocabo

130 1976 159 2034 V.
186 1976 264 2034 Date
277 1977 527 2053 magnificentiam
546 1977 612 2035 Deo
631 1981 754 2039 nostro·
775 1976 858 2037 Deus
871 1995 964 2035 verax
977 1975 1162 2053 operaejus:
1186 1981 1216 2034 et
1229 1994 1330 2034 omnes

124 2056 408 2277 {aeffppspffia
399 2159 432 2197 ιιι
445 2158 504 2215 quo
518 2157 580 2197 non
593 2144 638 2197 est
650 2137 815 2215 iniquitas·
808 2183 815 2199 .
838 2137 940 2215 justus
953 2143 985 2196 et
998 2136 1288 2199 sanctusDominus.

214 2238 320 2278 remus.

187 2299 296 2358 Oratio.
768 2361 772 2369 ‚

185 2379 276 2453 Deus,
299 2380 353 2458 qui
374 2381 536 2439 Ecclesiam
557 2384 641 2439 tuam
662 2399 779 2459 semper
798 2380 934 2458 gentium
955 2380 1109 2439 vocatione
1130 2378 1328 2456 multiplicas:

124 2461 257 2535 concede,
272 2462 427 2538 propitius,
441 2469 477 2520 ut
490 2481 564 2539 quos
577 2481 655 2539 aqua
667 2463 854 2541 baptismatis
868 2461 972 2534 abluis,
988 2462 1131 2520 continua
1148 2461 1330 2538 protectione

125 2542 245 2600 tuearis.
288 2542 347 2600 Per
360 2542 532 2601 Dominum.

184 2622 281 2681 lectio
302 2624 415 2699 quinta.
457 2623 581 2700 (Esaiae,
597 2623 644 2682 iio.
662 2623 709 2696 ll,
732 2624 766 2682 lu.
785 2622 881 2700 l-ll.)

184 2703 261 2762 Haec
281 2709 326 2762 est
346 2704 494 2763 hereditas
513 2725 604 2780 usque
625 2705 666 2762 ad
685 2704 854 2782 egredietur
873 2704 910 2761 de
930 2722 980 2761 ore
999 2722 1075 2777 meo,
1091 2701 1166 2763 dicit
1183 2701 1331 2760 Dominus

127 2784 321 2924 miii?

185 2945 271 3005 Sicut
283 2965 388 3005 cervus
402 2945 549 3005 desiderat
562 2945 600 3005 ad
617 2945 715 3004 sontes
731 2963 896 3023 aquarum:
925 2944 969 3006 ita
990 2942 1138 3002 desiderat
1154 2943 1254 3002 anima
1266 2962 1332 3002 mea

126 3026 164 3086 ad
179 3032 220 3100 te,
235 3027 324 3085 Deus
1065 3052 1067 3061 ·

132 3108 163 3167 V.
189 3072 294 3166 Sitivit
314 3109 414 3166 anima
434 3105 500 3166 mea
521 3105 559 3165 ad
580 3106 680 3166 Deum
702 3106 814 3180 vivum,
838 3105 956 3184 quando
983 3104 1102 3163 veniam
1129 3111 1161 3164 et
1187 3104 1333 3183 apparebo

127 3193 196 3247 ante
209 3189 316 3248 faciem
330 3189 389 3248 Dei
402 3190 470 3249 mei.

131 3269 161 3329 V.
186 3269 323 3328 Fuerunt
336 3270 411 3327 mihi
424 3270 561 3346 lacrymae
579 3289 652 3328 meae
674 3288 765 3345 panca
782 3266 830 3327 die
847 3286 881 3327 ac
898 3273 1007 3328 nocte.
1034 3264 1107 3327 dum
1127 3267 1239 3378 dicitur
1258 3266 1334 3324 mihi

127 3369 181 3427 per
194 3350 324 3428 singulos
338 3351 408 3424 dies,
424 3351 489 3410 Ubi
503 3357 548 3409 est
562 3351 644 3409 Deus
658 3352 748 3409 tunsi

191 3430 324 3493 Oremus

191 3511 300 3571 Oratio.

187 3593 331 3664 Concede,
347 3612 522 3670 quaesumus,
536 3551 722 3671 omnipotens
735 3591 827 3666 Deus,
841 3596 942 3668 utqui
932 3591 1031 3651 festa
1044 3590 1198 3651 Paschslia
1210 3589 1332 3670 agimus,

127 3672 292 3732 caelestibus
311 3674 463 3732 desideriis
483 3674 605 3748 accensi,
623 3674 737 3732 fontem
758 3674 830 3731 vitae
852 3673 988 3731 sitiamus
1011 3673 1176 3732 Dominum
1197 3679 1334 3731 nostrum

126 3754 233 3813 Jcsum
247 3754 400 3813 Christum
414 3755 525 3812 Filium
538 3719 633 3814 tuuin.
677 3754 737 3824 Qui
750 3760 857 3812 tecum.

188 3849 317 3910 *Postea
331 3861 435 3928 septem
445 3852 535 3928 pusii
547 3852 582 3909 ιἰι
594 3851 813 3928 Superpeilicais
825 3850 870 3910 vei
880 3851 915 3910 ιἰι
927 3849 1010 3910 Aloe
1023 3851 1057 3911 ιἰι
1071 3851 1165 3913 Cboro
1179 3848 1333 3910 Ιὶιιοιιιοιι

126 3932 203 3992 Ῑιοιιο
216 3941 340 4006 cautent,
357 3931 451 3992 Chore
465 3933 506 3991 eia
519 3933 688 3991 attenctius
700 3933 893 4008 respondente.
936 3932 1067 3992 Ιιίιοοιιο.

290 4029 387 4106 Kyrie
401 4029 525 4106 eleyson

290 4110 408 4169 Christe
420 4110 546 4186 eleyson.

291 4190 407 4249 Christe
421 4192 491 4249 audi
503 4211 566 4250 nos.

288 4271 379 4330 Pater
393 4273 429 4330 de
442 4272 520 4331 calis
534 4273 624 4347 Deus,
639 4271 778 4330 miserere
790 4269 884 4332 nobis

129 4439 308 4558 PWMS‘JZC.
320 4439 396 4485 omits
402 4439 443 4485 the
454 4438 564 4486 Litanics
573 4439 622 4486 and
632 4439 773 4487 Benedictio
783 4438 878 4498 Fontis,
888 4439 938 4486 and
947 4451 1006 4498 goes
1015 4451 1047 4485 on
1057 4450 1085 4484 as
1092 4439 1150 4498 atp.
1163 4436 1213 4483 123.
1214 4436 1332 4484 -Da'ade

214 4514 241 4546 ur
284 4514 296 4545 c
