<?xml version="1.0" encoding="UTF-8"?>
<!DOCTYPE html PUBLIC "-//W3C//DTD XHTML 1.0 Transitional//EN"
    "http://www.w3.org/TR/xhtml1/DTD/xhtml1-transitional.dtd">
<html xmlns="http://www.w3.org/1999/xhtml" xml:lang="en" lang="en">
 <head>
  <title>
</title>
<meta http-equiv="Content-Type" content="text/html;charset=utf-8" />
  <meta name='ocr-system' content='tesseract 3.04.00' />
  <meta name='ocr-capabilities' content='ocr_page ocr_carea ocr_par ocr_line ocrx_word'/>
</head>
<body>
  <div class='ocr_page' id='page_1' title='image "./missaleadusumin03churgoog_0104.png"; bbox 0 0 2918 4986; ppageno 0'>
   <div class='ocr_carea' id='block_1_1' title="bbox 419 375 1275 462">
    <p class='ocr_par' dir='ltr' id='par_1_1' title="bbox 419 375 1275 462">
     <span class='ocr_line' id='line_1_1' title="bbox 419 375 1275 462; baseline 0.005 -22"><span class='ocrx_word' id='word_1_1' title='bbox 419 376 603 441; x_wconf 80' lang='lat' dir='ltr'>Domiraa&#39;eu</span> <span class='ocrx_word' id='word_1_2' title='bbox 616 375 638 441; x_wconf 81' lang='grc'>1.</span> <span class='ocrx_word' id='word_1_3' title='bbox 659 375 938 462; x_wconf 75' lang='lat' dir='ltr'>Quadrupesa&#39;moe.</span> <span class='ocrx_word' id='word_1_4' title='bbox 1236 384 1275 444; x_wconf 84' lang='lat'>51</span> 
     </span>
    </p>
   </div>
   <div class='ocr_carea' id='block_1_2' title="bbox 75 466 1281 2341">
    <p class='ocr_par' dir='ltr' id='par_1_2' title="bbox 142 466 275 525">
     <span class='ocr_line' id='line_1_2' title="bbox 142 466 275 525; baseline -0.008 0"><span class='ocrx_word' id='word_1_5' title='bbox 142 466 275 525; x_wconf 70' lang='grc'><strong>01011010.</strong></span> 
     </span>
    </p>

    <p class='ocr_par' dir='ltr' id='par_1_3' title="bbox 75 545 1279 786">
     <span class='ocr_line' id='line_1_3' title="bbox 139 545 1279 625; baseline -0.001 -19"><span class='ocrx_word' id='word_1_6' title='bbox 139 548 243 606; x_wconf 87' lang='lat' dir='ltr'>Unam</span> <span class='ocrx_word' id='word_1_7' title='bbox 261 546 336 625; x_wconf 89' lang='lat' dir='ltr'>petii</span> <span class='ocrx_word' id='word_1_8' title='bbox 355 567 373 604; x_wconf 92' lang='lat' dir='ltr'>a</span> <span class='ocrx_word' id='word_1_9' title='bbox 391 545 529 619; x_wconf 91' lang='lat' dir='ltr'>Domino,</span> <span class='ocrx_word' id='word_1_10' title='bbox 545 545 620 603; x_wconf 90' lang='lat' dir='ltr'>hanc</span> <span class='ocrx_word' id='word_1_11' title='bbox 640 545 807 623; x_wconf 86' lang='lat' dir='ltr'><strong>requiram:</strong></span> <span class='ocrx_word' id='word_1_12' title='bbox 828 551 863 603; x_wconf 90' lang='lat' dir='ltr'>ut</span> <span class='ocrx_word' id='word_1_13' title='bbox 883 545 1047 604; x_wconf 86' lang='lat' dir='ltr'>inhabitem</span> <span class='ocrx_word' id='word_1_14' title='bbox 1066 548 1099 604; x_wconf 89' lang='lat' dir='ltr'>in</span> <span class='ocrx_word' id='word_1_15' title='bbox 1119 547 1279 606; x_wconf 78' lang='grc' dir='ltr'><strong>(10111οΒ0-</strong></span> 
     </span>
     <span class='ocr_line' id='line_1_4' title="bbox 75 649 161 686; baseline 0.012 -1"><span class='ocrx_word' id='word_1_16' title='bbox 75 649 161 686; x_wconf 86' lang='grc'><strong>1111111</strong></span> 
     </span>
     <span class='ocr_line' id='line_1_5' title="bbox 81 707 1225 786; baseline 0 -18"><span class='ocrx_word' id='word_1_17' title='bbox 81 711 112 768; x_wconf 86' lang='grc'>17.</span> <span class='ocrx_word' id='word_1_18' title='bbox 140 710 188 768; x_wconf 91' lang='lat' dir='ltr'>Ut</span> <span class='ocrx_word' id='word_1_19' title='bbox 203 709 319 767; x_wconf 86' lang='lat' dir='ltr'>videam</span> <span class='ocrx_word' id='word_1_20' title='bbox 331 708 516 766; x_wconf 89' lang='lat' dir='ltr'>voluntatem</span> <span class='ocrx_word' id='word_1_21' title='bbox 530 707 671 765; x_wconf 89' lang='lat' dir='ltr'>Domini:</span> <span class='ocrx_word' id='word_1_22' title='bbox 693 713 723 765; x_wconf 88' lang='lat' dir='ltr'>et</span> <span class='ocrx_word' id='word_1_23' title='bbox 736 712 873 784; x_wconf 85' lang='lat' dir='ltr'>protegar</span> <span class='ocrx_word' id='word_1_24' title='bbox 885 727 904 764; x_wconf 89' lang='lat' dir='ltr'>a</span> <span class='ocrx_word' id='word_1_25' title='bbox 916 707 1027 785; x_wconf 85' lang='lat' dir='ltr'>templo</span> <span class='ocrx_word' id='word_1_26' title='bbox 1041 715 1141 766; x_wconf 88' lang='lat' dir='ltr'>sancto</span> <span class='ocrx_word' id='word_1_27' title='bbox 1155 710 1225 786; x_wconf 89' lang='lat' dir='ltr'>ejus.</span> 
     </span>
    </p>

    <p class='ocr_par' dir='ltr' id='par_1_4' title="bbox 139 788 662 866">
     <span class='ocr_line' id='line_1_6' title="bbox 139 788 662 866; baseline -0.01 -17"><span class='ocrx_word' id='word_1_28' title='bbox 139 790 306 849; x_wconf 76' lang='lat' dir='ltr'>Secundum</span> <span class='ocrx_word' id='word_1_29' title='bbox 319 789 457 847; x_wconf 72' lang='lat' dir='ltr'>chum</span> <span class='ocrx_word' id='word_1_30' title='bbox 477 788 530 865; x_wconf 76' lang='lat' dir='ltr'>(ei.</span> <span class='ocrx_word' id='word_1_31' title='bbox 547 788 662 866; x_wconf 82' lang='lat'><strong><em>47-56).</em></strong></span> 
     </span>
    </p>

    <p class='ocr_par' dir='ltr' id='par_1_5' title="bbox 75 869 1280 1027">
     <span class='ocr_line' id='line_1_7' title="bbox 140 869 1280 947; baseline 0.002 -20"><span class='ocrx_word' id='word_1_32' title='bbox 140 871 181 928; x_wconf 94' lang='lat' dir='ltr'>In</span> <span class='ocrx_word' id='word_1_33' title='bbox 193 871 245 928; x_wconf 91' lang='lat' dir='ltr'>illo</span> <span class='ocrx_word' id='word_1_34' title='bbox 259 876 396 947; x_wconf 90' lang='lat' dir='ltr'>tempore,</span> <span class='ocrx_word' id='word_1_35' title='bbox 414 870 490 928; x_wconf 83' lang='lat' dir='ltr'>Oum</span> <span class='ocrx_word' id='word_1_36' title='bbox 510 888 573 926; x_wconf 85' lang='lat' dir='ltr'>sero</span> <span class='ocrx_word' id='word_1_37' title='bbox 594 869 704 925; x_wconf 85' lang='lat' dir='ltr'>factum</span> <span class='ocrx_word' id='word_1_38' title='bbox 719 874 803 942; x_wconf 85' lang='lat' dir='ltr'>esset,</span> <span class='ocrx_word' id='word_1_39' title='bbox 819 875 882 926; x_wconf 88' lang='lat' dir='ltr'>erat</span> <span class='ocrx_word' id='word_1_40' title='bbox 896 870 981 926; x_wconf 85' lang='lat' dir='ltr'>navis</span> <span class='ocrx_word' id='word_1_41' title='bbox 994 870 1027 926; x_wconf 90' lang='lat' dir='ltr'>in</span> <span class='ocrx_word' id='word_1_42' title='bbox 1041 871 1137 928; x_wconf 90' lang='lat' dir='ltr'>medio</span> <span class='ocrx_word' id='word_1_43' title='bbox 1150 871 1234 943; x_wconf 89' lang='lat' dir='ltr'>mari,</span> <span class='ocrx_word' id='word_1_44' title='bbox 1249 878 1280 929; x_wconf 90' lang='lat' dir='ltr'>et</span> 
     </span>
     <span class='ocr_line' id='line_1_8' title="bbox 75 950 1241 1027; baseline 0 -17"><span class='ocrx_word' id='word_1_45' title='bbox 75 953 98 1010; x_wconf 88' lang='lat' dir='ltr'><strong>J</strong></span> <span class='ocrx_word' id='word_1_46' title='bbox 99 971 167 1010; x_wconf 85' lang='lat' dir='ltr'>esus</span> <span class='ocrx_word' id='word_1_47' title='bbox 181 952 258 1009; x_wconf 88' lang='lat' dir='ltr'>solus</span> <span class='ocrx_word' id='word_1_48' title='bbox 272 953 304 1008; x_wconf 93' lang='lat' dir='ltr'>in</span> <span class='ocrx_word' id='word_1_49' title='bbox 317 957 397 1008; x_wconf 87' lang='lat' dir='ltr'>terra</span> <span class='ocrx_word' id='word_1_50' title='bbox 409 970 499 1026; x_wconf 74' lang='lat' dir='ltr'>araque</span> <span class='ocrx_word' id='word_1_51' title='bbox 513 950 553 1006; x_wconf 84' lang='lat' dir='ltr'>ad</span> <span class='ocrx_word' id='word_1_52' title='bbox 566 955 597 1007; x_wconf 88' lang='lat' dir='ltr'>et</span> <span class='ocrx_word' id='word_1_53' title='bbox 610 955 757 1025; x_wconf 74' lang='lat' dir='ltr'>quotquot</span> <span class='ocrx_word' id='word_1_54' title='bbox 770 951 931 1027; x_wconf 80' lang='lat' dir='ltr'><strong>tangebant</strong></span> <span class='ocrx_word' id='word_1_55' title='bbox 945 970 1021 1024; x_wconf 87' lang='lat' dir='ltr'>eum,</span> <span class='ocrx_word' id='word_1_56' title='bbox 1037 951 1112 1008; x_wconf 76' lang='lat' dir='ltr'>salvi</span> <span class='ocrx_word' id='word_1_57' title='bbox 1124 952 1241 1010; x_wconf 84' lang='lat' dir='ltr'>fiebant.</span> 
     </span>
    </p>

    <p class='ocr_par' dir='ltr' id='par_1_6' title="bbox 142 1031 331 1107">
     <span class='ocr_line' id='line_1_9' title="bbox 142 1031 331 1107; baseline -0.016 -16"><span class='ocrx_word' id='word_1_58' title='bbox 142 1031 331 1107; x_wconf 66' lang='lat' dir='ltr'>offertorium.</span> 
     </span>
    </p>

    <p class='ocr_par' dir='ltr' id='par_1_7' title="bbox 140 1111 479 1185">
     <span class='ocr_line' id='line_1_10' title="bbox 140 1111 479 1185; baseline -0.009 -15"><span class='ocrx_word' id='word_1_59' title='bbox 140 1113 277 1185; x_wconf 89' lang='lat' dir='ltr'>Domine,</span> <span class='ocrx_word' id='word_1_60' title='bbox 293 1111 412 1169; x_wconf 85' lang='lat' dir='ltr'>vivifiea</span> <span class='ocrx_word' id='word_1_61' title='bbox 424 1130 479 1168; x_wconf 88' lang='lat' dir='ltr'>me.</span> 
     </span>
    </p>

    <p class='ocr_par' dir='ltr' id='par_1_8' title="bbox 141 1194 261 1252">
     <span class='ocr_line' id='line_1_11' title="bbox 141 1194 261 1252; baseline -0.017 0"><span class='ocrx_word' id='word_1_62' title='bbox 141 1194 261 1252; x_wconf 79' lang='lat' dir='ltr'>Secreta.</span> 
     </span>
    </p>

    <p class='ocr_par' dir='ltr' id='par_1_9' title="bbox 76 1271 1279 1495">
     <span class='ocr_line' id='line_1_12' title="bbox 141 1271 1279 1350; baseline 0.001 -18"><span class='ocrx_word' id='word_1_63' title='bbox 141 1275 268 1350; x_wconf 84' lang='lat' dir='ltr'>Suscipe,</span> <span class='ocrx_word' id='word_1_64' title='bbox 286 1273 422 1344; x_wconf 82' lang='lat' dir='ltr'>Domine,</span> <span class='ocrx_word' id='word_1_65' title='bbox 438 1271 612 1329; x_wconf 83' lang='lat' dir='ltr'>sacrificium</span> <span class='ocrx_word' id='word_1_66' title='bbox 626 1273 708 1348; x_wconf 85' lang='lat' dir='ltr'>eujus</span> <span class='ocrx_word' id='word_1_67' title='bbox 722 1277 752 1328; x_wconf 91' lang='lat' dir='ltr'>te</span> <span class='ocrx_word' id='word_1_68' title='bbox 766 1272 887 1328; x_wconf 82' lang='lat' dir='ltr'>voluisti</span> <span class='ocrx_word' id='word_1_69' title='bbox 901 1272 1058 1349; x_wconf 74' lang='lat' dir='ltr'>dignanter</span> <span class='ocrx_word' id='word_1_70' title='bbox 1077 1273 1279 1333; x_wconf 72' lang='lat' dir='ltr'>immolatione</span> 
     </span>
     <span class='ocr_line' id='line_1_13' title="bbox 77 1352 1279 1433; baseline 0 -20"><span class='ocrx_word' id='word_1_71' title='bbox 77 1357 198 1433; x_wconf 80' lang='lat' dir='ltr'>placari,</span> <span class='ocrx_word' id='word_1_72' title='bbox 214 1361 244 1412; x_wconf 92' lang='lat' dir='ltr'>et</span> <span class='ocrx_word' id='word_1_73' title='bbox 257 1360 372 1432; x_wconf 83' lang='lat' dir='ltr'>praesta,</span> <span class='ocrx_word' id='word_1_74' title='bbox 388 1372 561 1430; x_wconf 82' lang='lat' dir='ltr'>quaesumus,</span> <span class='ocrx_word' id='word_1_75' title='bbox 574 1359 609 1410; x_wconf 91' lang='lat' dir='ltr'>ut</span> <span class='ocrx_word' id='word_1_76' title='bbox 623 1352 711 1428; x_wconf 88' lang='lat' dir='ltr'>hujus</span> <span class='ocrx_word' id='word_1_77' title='bbox 725 1352 894 1428; x_wconf 74' lang='lat' dir='ltr'>operatione</span> <span class='ocrx_word' id='word_1_78' title='bbox 907 1355 1042 1412; x_wconf 88' lang='lat' dir='ltr'>mundati</span> <span class='ocrx_word' id='word_1_79' title='bbox 1062 1355 1279 1432; x_wconf 88' lang='lat' dir='ltr'>beneplacitum</span> 
     </span>
     <span class='ocr_line' id='line_1_14' title="bbox 76 1433 1000 1495; baseline -0.003 -1"><span class='ocrx_word' id='word_1_80' title='bbox 76 1437 136 1495; x_wconf 86' lang='lat' dir='ltr'>tibi</span> <span class='ocrx_word' id='word_1_81' title='bbox 149 1442 256 1493; x_wconf 87' lang='lat' dir='ltr'>nostrae</span> <span class='ocrx_word' id='word_1_82' title='bbox 270 1435 377 1493; x_wconf 85' lang='lat' dir='ltr'>mentis</span> <span class='ocrx_word' id='word_1_83' title='bbox 398 1435 551 1491; x_wconf 87' lang='lat' dir='ltr'>offeramus</span> <span class='ocrx_word' id='word_1_84' title='bbox 571 1433 715 1491; x_wconf 86' lang='lat' dir='ltr'>affectum.</span> <span class='ocrx_word' id='word_1_85' title='bbox 759 1433 817 1490; x_wconf 89' lang='lat' dir='ltr'>Per</span> <span class='ocrx_word' id='word_1_86' title='bbox 831 1433 1000 1492; x_wconf 90' lang='lat' dir='ltr'>Dominum.</span> 
     </span>
    </p>

    <p class='ocr_par' dir='ltr' id='par_1_10' title="bbox 144 1516 325 1575">
     <span class='ocr_line' id='line_1_15' title="bbox 144 1516 325 1575; baseline -0.011 0"><span class='ocrx_word' id='word_1_87' title='bbox 144 1516 325 1575; x_wconf 77' lang='lat' dir='ltr'>Communia.</span> 
     </span>
    </p>

    <p class='ocr_par' dir='ltr' id='par_1_11' title="bbox 142 1596 408 1656">
     <span class='ocr_line' id='line_1_16' title="bbox 142 1596 408 1656; baseline -0.011 0"><span class='ocrx_word' id='word_1_88' title='bbox 142 1599 258 1656; x_wconf 81' lang='lat' dir='ltr'>Servite</span> <span class='ocrx_word' id='word_1_89' title='bbox 272 1596 408 1654; x_wconf 89' lang='lat' dir='ltr'>Domino.</span> 
     </span>
    </p>

    <p class='ocr_par' dir='ltr' id='par_1_12' title="bbox 141 1678 382 1737">
     <span class='ocr_line' id='line_1_17' title="bbox 141 1678 382 1737; baseline -0.004 -2"><span class='ocrx_word' id='word_1_90' title='bbox 141 1678 382 1737; x_wconf 79' lang='lat' dir='ltr'>Poetaommuaaa&#39;o.</span> 
     </span>
    </p>

    <p class='ocr_par' dir='ltr' id='par_1_13' title="bbox 78 1755 1280 1978">
     <span class='ocr_line' id='line_1_18' title="bbox 140 1755 1279 1833; baseline 0 -16"><span class='ocrx_word' id='word_1_91' title='bbox 140 1759 271 1816; x_wconf 80' lang='lat' dir='ltr'>Caelestis</span> <span class='ocrx_word' id='word_1_92' title='bbox 294 1758 365 1814; x_wconf 86' lang='lat' dir='ltr'>vitae</span> <span class='ocrx_word' id='word_1_93' title='bbox 390 1776 511 1814; x_wconf 88' lang='lat' dir='ltr'>munere</span> <span class='ocrx_word' id='word_1_94' title='bbox 534 1756 672 1832; x_wconf 85' lang='lat' dir='ltr'>vegetati,</span> <span class='ocrx_word' id='word_1_95' title='bbox 699 1775 875 1832; x_wconf 86' lang='lat' dir='ltr'>quaesumus,</span> <span class='ocrx_word' id='word_1_96' title='bbox 901 1755 1046 1814; x_wconf 87' lang='lat' dir='ltr'>Domine:</span> <span class='ocrx_word' id='word_1_97' title='bbox 1073 1763 1109 1814; x_wconf 89' lang='lat' dir='ltr'>ut</span> <span class='ocrx_word' id='word_1_98' title='bbox 1132 1759 1211 1833; x_wconf 92' lang='lat' dir='ltr'>quod</span> <span class='ocrx_word' id='word_1_99' title='bbox 1235 1764 1279 1817; x_wconf 87' lang='lat' dir='ltr'>est</span> 
     </span>
     <span class='ocr_line' id='line_1_19' title="bbox 78 1836 1280 1916; baseline 0.001 -19"><span class='ocrx_word' id='word_1_100' title='bbox 78 1840 165 1897; x_wconf 91' lang='lat' dir='ltr'>nobis</span> <span class='ocrx_word' id='word_1_101' title='bbox 185 1841 217 1896; x_wconf 93' lang='lat' dir='ltr'>in</span> <span class='ocrx_word' id='word_1_102' title='bbox 237 1839 376 1916; x_wconf 82' lang='lat' dir='ltr'>praesenti</span> <span class='ocrx_word' id='word_1_103' title='bbox 397 1838 461 1895; x_wconf 87' lang='lat' dir='ltr'>vita</span> <span class='ocrx_word' id='word_1_104' title='bbox 481 1838 662 1913; x_wconf 76' lang='lat' dir='ltr'>mysterium,</span> <span class='ocrx_word' id='word_1_105' title='bbox 686 1837 739 1894; x_wconf 87' lang='lat' dir='ltr'>fiat</span> <span class='ocrx_word' id='word_1_106' title='bbox 758 1836 934 1894; x_wconf 73' lang='lat' dir='ltr'>aeternitatis</span> <span class='ocrx_word' id='word_1_107' title='bbox 954 1838 1105 1896; x_wconf 87' lang='lat' dir='ltr'>auxilium.</span> <span class='ocrx_word' id='word_1_108' title='bbox 1149 1839 1208 1896; x_wconf 86' lang='lat' dir='ltr'>Per</span> <span class='ocrx_word' id='word_1_109' title='bbox 1221 1840 1280 1899; x_wconf 93' lang='lat' dir='ltr'>Do-</span> 
     </span>
     <span class='ocr_line' id='line_1_20' title="bbox 79 1940 204 1978; baseline -0.008 0"><span class='ocrx_word' id='word_1_110' title='bbox 79 1940 204 1978; x_wconf 79' lang='lat' dir='ltr'>manum.</span> 
     </span>
    </p>

    <p class='ocr_par' dir='ltr' id='par_1_14' title="bbox 141 1998 406 2077">
     <span class='ocr_line' id='line_1_21' title="bbox 141 1998 406 2077; baseline -0.024 -17"><span class='ocrx_word' id='word_1_111' title='bbox 141 2001 237 2077; x_wconf 68' lang='lat' dir='ltr'>Super</span> <span class='ocrx_word' id='word_1_112' title='bbox 250 1998 406 2076; x_wconf 70' lang='lat' dir='ltr'>Populonia.</span> 
     </span>
    </p>

    <p class='ocr_par' dir='ltr' id='par_1_15' title="bbox 77 2020 1281 2323">
     <span class='ocr_line' id='line_1_22' title="bbox 142 2020 1281 2156; baseline 0 -17"><span class='ocrx_word' id='word_1_113' title='bbox 142 2082 298 2153; x_wconf 69' lang='lat' dir='ltr'>conserva,</span> <span class='ocrx_word' id='word_1_114' title='bbox 278 2020 450 2151; x_wconf 87' lang='lat' dir='ltr'>Domine,</span> <span class='ocrx_word' id='word_1_115' title='bbox 466 2078 609 2136; x_wconf 86' lang='lat' dir='ltr'>familiam</span> <span class='ocrx_word' id='word_1_116' title='bbox 629 2085 712 2136; x_wconf 87' lang='lat' dir='ltr'>tuam</span> <span class='ocrx_word' id='word_1_117' title='bbox 732 2078 817 2136; x_wconf 86' lang='lat' dir='ltr'>bonis</span> <span class='ocrx_word' id='word_1_118' title='bbox 838 2097 951 2155; x_wconf 82' lang='lat' dir='ltr'>semper</span> <span class='ocrx_word' id='word_1_119' title='bbox 967 2080 1103 2156; x_wconf 85' lang='lat' dir='ltr'>operibus</span> <span class='ocrx_word' id='word_1_120' title='bbox 1117 2081 1281 2154; x_wconf 66' lang='lat' dir='ltr'>eruditam</span> 
     </span>
     <span class='ocr_line' id='line_1_23' title="bbox 77 2159 1281 2240; baseline 0 -20"><span class='ocrx_word' id='word_1_121' title='bbox 77 2170 116 2221; x_wconf 89' lang='lat' dir='ltr'>ut</span> <span class='ocrx_word' id='word_1_122' title='bbox 139 2164 217 2220; x_wconf 87' lang='lat' dir='ltr'>siout</span> <span class='ocrx_word' id='word_1_123' title='bbox 238 2162 432 2238; x_wconf 86' lang='lat' dir='ltr'>praesentibus</span> <span class='ocrx_word' id='word_1_124' title='bbox 455 2159 663 2216; x_wconf 86' lang='lat' dir='ltr'>consolarise</span> <span class='ocrx_word' id='word_1_125' title='bbox 632 2159 761 2235; x_wconf 87' lang='lat' dir='ltr'>Jejuniis,</span> <span class='ocrx_word' id='word_1_126' title='bbox 785 2160 828 2216; x_wconf 86' lang='lat' dir='ltr'>ita</span> <span class='ocrx_word' id='word_1_127' title='bbox 849 2179 913 2216; x_wconf 92' lang='lat' dir='ltr'>eam</span> <span class='ocrx_word' id='word_1_128' title='bbox 935 2161 974 2218; x_wconf 90' lang='lat' dir='ltr'>ad</span> <span class='ocrx_word' id='word_1_129' title='bbox 993 2180 1120 2237; x_wconf 88' lang='lat' dir='ltr'>superna</span> <span class='ocrx_word' id='word_1_130' title='bbox 1139 2163 1281 2240; x_wconf 76' lang='lat' dir='ltr'>perducas</span> 
     </span>
     <span class='ocr_line' id='line_1_24' title="bbox 77 2239 651 2341; baseline -0.012 -38"><span class='ocrx_word' id='word_1_131' title='bbox 77 2244 201 2323; x_wconf 86' lang='lat' dir='ltr'>praemia</span> <span class='ocrx_word' id='word_1_132' title='bbox 214 2243 365 2320; x_wconf 88' lang='lat' dir='ltr'>propitius.</span> <span class='ocrx_word' id='word_1_133' title='bbox 409 2241 468 2298; x_wconf 91' lang='lat' dir='ltr'>Per</span> <span class='ocrx_word' id='word_1_134' title='bbox 482 2239 651 2341; x_wconf 90' lang='lat' dir='ltr'>Dominum.</span> 
     </span>
    </p>
   </div>
   <div class='ocr_carea' id='block_1_3' title="bbox 396 2424 965 2493">
    <p class='ocr_par' dir='ltr' id='par_1_16' title="bbox 396 2424 965 2493">
     <span class='ocr_line' id='line_1_25' title="bbox 396 2424 965 2493; baseline -0.002 -11"><span class='ocrx_word' id='word_1_135' title='bbox 396 2425 557 2483; x_wconf 79' lang='lat' dir='ltr'>Doumrcn</span> <span class='ocrx_word' id='word_1_136' title='bbox 577 2424 683 2481; x_wconf 77' lang='lat' dir='ltr'>Pamn</span> <span class='ocrx_word' id='word_1_137' title='bbox 704 2424 965 2493; x_wconf 73' lang='lat' dir='ltr'>Quannnonsmn.</span> 
     </span>
    </p>
   </div>
   <div class='ocr_carea' id='block_1_4' title="bbox 142 2556 521 2632">
    <p class='ocr_par' dir='ltr' id='par_1_17' title="bbox 142 2556 521 2632">
     <span class='ocr_line' id='line_1_26' title="bbox 142 2556 521 2632; baseline -0.005 -17"><span class='ocrx_word' id='word_1_138' title='bbox 142 2559 192 2615; x_wconf 85' lang='lat' dir='ltr'>Ad</span> <span class='ocrx_word' id='word_1_139' title='bbox 205 2558 338 2616; x_wconf 79' lang='lat' dir='ltr'>Missam.</span> <span class='ocrx_word' id='word_1_140' title='bbox 381 2556 521 2632; x_wconf 79' lang='lat' dir='ltr'>Officium.</span> 
     </span>
    </p>
   </div>
   <div class='ocr_carea' id='block_1_5' title="bbox 76 2636 1282 4574">
    <p class='ocr_par' dir='ltr' id='par_1_18' title="bbox 76 2636 1280 2794">
     <span class='ocr_line' id='line_1_27' title="bbox 142 2636 1280 2715; baseline 0.003 -19"><span class='ocrx_word' id='word_1_141' title='bbox 142 2639 299 2696; x_wconf 87' lang='lat' dir='ltr'>Invoeavit</span> <span class='ocrx_word' id='word_1_142' title='bbox 312 2657 359 2695; x_wconf 87' lang='lat' dir='ltr'>me</span> <span class='ocrx_word' id='word_1_143' title='bbox 373 2644 403 2695; x_wconf 90' lang='lat' dir='ltr'>at</span> <span class='ocrx_word' id='word_1_144' title='bbox 416 2657 469 2714; x_wconf 87' lang='lat' dir='ltr'>ego</span> <span class='ocrx_word' id='word_1_145' title='bbox 482 2636 639 2694; x_wconf 79' lang='lat' dir='ltr'>exaudiam</span> <span class='ocrx_word' id='word_1_146' title='bbox 653 2655 738 2694; x_wconf 90' lang='lat' dir='ltr'>eum·</span> <span class='ocrx_word' id='word_1_147' title='bbox 729 2636 880 2713; x_wconf 82' lang='lat' dir='ltr'>,eripiam</span> <span class='ocrx_word' id='word_1_148' title='bbox 892 2656 960 2694; x_wconf 90' lang='lat' dir='ltr'>eum</span> <span class='ocrx_word' id='word_1_149' title='bbox 971 2642 1001 2694; x_wconf 91' lang='lat' dir='ltr'>et</span> <span class='ocrx_word' id='word_1_150' title='bbox 1014 2638 1181 2715; x_wconf 84' lang='lat' dir='ltr'>glorificabo</span> <span class='ocrx_word' id='word_1_151' title='bbox 1195 2660 1280 2700; x_wconf 90' lang='lat' dir='ltr'>eum:</span> 
     </span>
     <span class='ocr_line' id='line_1_28' title="bbox 76 2717 663 2796; baseline -0.009 -17"><span class='ocrx_word' id='word_1_152' title='bbox 76 2719 267 2796; x_wconf 88' lang='lat' dir='ltr'>longitudine</span> <span class='ocrx_word' id='word_1_153' title='bbox 280 2719 396 2776; x_wconf 88' lang='lat' dir='ltr'>dierum</span> <span class='ocrx_word' id='word_1_154' title='bbox 409 2717 574 2794; x_wconf 89' lang='lat' dir='ltr'>adimplebo</span> <span class='ocrx_word' id='word_1_155' title='bbox 589 2737 663 2775; x_wconf 91' lang='lat' dir='ltr'>eum</span> 
     </span>
    </p>

    <p class='ocr_par' dir='ltr' id='par_1_19' title="bbox 143 2800 287 2858">
     <span class='ocr_line' id='line_1_29' title="bbox 143 2800 287 2858; baseline 0.007 -2"><span class='ocrx_word' id='word_1_156' title='bbox 143 2800 287 2858; x_wconf 80' lang='lat' dir='ltr'>Psalmua.</span> 
     </span>
    </p>

    <p class='ocr_par' dir='ltr' id='par_1_20' title="bbox 77 2877 1281 3102">
     <span class='ocr_line' id='line_1_30' title="bbox 103 2877 1281 2975; baseline 0.002 -37"><span class='ocrx_word' id='word_1_157' title='bbox 103 2962 110 2975; x_wconf 92' lang='lat'><strong><em>.</em></strong></span> <span class='ocrx_word' id='word_1_158' title='bbox 143 2881 203 2951; x_wconf 83' lang='lat' dir='ltr'>Qui</span> <span class='ocrx_word' id='word_1_159' title='bbox 216 2880 378 2938; x_wconf 81' lang='lat' dir='ltr'>habitatin</span> <span class='ocrx_word' id='word_1_160' title='bbox 391 2879 475 2957; x_wconf 85' lang='lat' dir='ltr'>adjut</span> <span class='ocrx_word' id='word_1_161' title='bbox 476 2879 538 2937; x_wconf 90' lang='lat' dir='ltr'>orio</span> <span class='ocrx_word' id='word_1_162' title='bbox 548 2878 713 2936; x_wconf 87' lang='lat' dir='ltr'>Alt1ss1m1.</span> <span class='ocrx_word' id='word_1_163' title='bbox 734 2878 767 2935; x_wconf 89' lang='lat' dir='ltr'>in</span> <span class='ocrx_word' id='word_1_164' title='bbox 780 2877 964 2954; x_wconf 81' lang='lat' dir='ltr'>protectione</span> <span class='ocrx_word' id='word_1_165' title='bbox 975 2878 1034 2936; x_wconf 90' lang='lat' dir='ltr'>Dei</span> <span class='ocrx_word' id='word_1_166' title='bbox 1048 2880 1111 2936; x_wconf 83' lang='lat' dir='ltr'>caeli</span> <span class='ocrx_word' id='word_1_167' title='bbox 1125 2900 1281 2940; x_wconf 86' lang='lat' dir='ltr'>commora-</span> 
     </span>
     <span class='ocr_line' id='line_1_31' title="bbox 77 2964 254 3102; baseline -0.017 0"><span class='ocrx_word' id='word_1_168' title='bbox 77 2964 254 3102; x_wconf 65' lang='grc' dir='ltr'>Ι’““ἔ’)’00.</span> 
     </span>
    </p>

    <p class='ocr_par' dir='ltr' id='par_1_21' title="bbox 78 3119 1281 3360">
     <span class='ocr_line' id='line_1_32' title="bbox 143 3119 1280 3199; baseline 0 -18"><span class='ocrx_word' id='word_1_169' title='bbox 143 3123 235 3195; x_wconf 89' lang='lat' dir='ltr'>Deus,</span> <span class='ocrx_word' id='word_1_170' title='bbox 250 3122 302 3199; x_wconf 87' lang='lat' dir='ltr'>qui</span> <span class='ocrx_word' id='word_1_171' title='bbox 322 3122 472 3180; x_wconf 85' lang='lat' dir='ltr'>ecclesiam</span> <span class='ocrx_word' id='word_1_172' title='bbox 489 3128 572 3178; x_wconf 86' lang='lat' dir='ltr'>tuam</span> <span class='ocrx_word' id='word_1_173' title='bbox 586 3139 685 3177; x_wconf 88' lang='lat' dir='ltr'>annua</span> <span class='ocrx_word' id='word_1_174' title='bbox 699 3119 944 3196; x_wconf 85' lang='lat' dir='ltr'>quadragesimali</span> <span class='ocrx_word' id='word_1_175' title='bbox 958 3120 1159 3180; x_wconf 85' lang='lat' dir='ltr'>observatione</span> <span class='ocrx_word' id='word_1_176' title='bbox 1179 3123 1280 3199; x_wconf 88' lang='lat' dir='ltr'>purifi·</span> 
     </span>
     <span class='ocr_line' id='line_1_33' title="bbox 79 3200 1281 3280; baseline 0.001 -18"><span class='ocrx_word' id='word_1_177' title='bbox 79 3223 148 3263; x_wconf 85' lang='lat' dir='ltr'>cas:</span> <span class='ocrx_word' id='word_1_178' title='bbox 168 3209 276 3280; x_wconf 85' lang='lat' dir='ltr'>praesta</span> <span class='ocrx_word' id='word_1_179' title='bbox 294 3203 412 3260; x_wconf 77' lang='lat' dir='ltr'>familiae</span> <span class='ocrx_word' id='word_1_180' title='bbox 433 3209 501 3272; x_wconf 87' lang='lat' dir='ltr'>tuae,</span> <span class='ocrx_word' id='word_1_181' title='bbox 515 3208 551 3259; x_wconf 90' lang='lat' dir='ltr'>ut</span> <span class='ocrx_word' id='word_1_182' title='bbox 571 3201 649 3277; x_wconf 90' lang='lat' dir='ltr'>quod</span> <span class='ocrx_word' id='word_1_183' title='bbox 663 3221 680 3258; x_wconf 89' lang='lat' dir='ltr'>a</span> <span class='ocrx_word' id='word_1_184' title='bbox 696 3207 726 3257; x_wconf 88' lang='lat' dir='ltr'>te</span> <span class='ocrx_word' id='word_1_185' title='bbox 748 3200 880 3258; x_wconf 87' lang='lat' dir='ltr'>obtinere</span> <span class='ocrx_word' id='word_1_186' title='bbox 900 3201 1074 3259; x_wconf 83' lang='lat' dir='ltr'>abstinendo</span> <span class='ocrx_word' id='word_1_187' title='bbox 1094 3202 1211 3277; x_wconf 90' lang='lat' dir='ltr'>nititur,</span> <span class='ocrx_word' id='word_1_188' title='bbox 1226 3205 1281 3263; x_wconf 87' lang='lat' dir='ltr'>hoe</span> 
     </span>
     <span class='ocr_line' id='line_1_34' title="bbox 78 3281 802 3360; baseline -0.006 -17"><span class='ocrx_word' id='word_1_189' title='bbox 78 3284 169 3343; x_wconf 89' lang='lat' dir='ltr'>bonis</span> <span class='ocrx_word' id='word_1_190' title='bbox 183 3284 318 3360; x_wconf 88' lang='lat' dir='ltr'>operibus</span> <span class='ocrx_word' id='word_1_191' title='bbox 332 3289 516 3360; x_wconf 82' lang='lat' dir='ltr'>exsequatur.</span> <span class='ocrx_word' id='word_1_192' title='bbox 560 3282 619 3339; x_wconf 90' lang='lat' dir='ltr'>Per</span> <span class='ocrx_word' id='word_1_193' title='bbox 633 3281 802 3339; x_wconf 90' lang='lat' dir='ltr'>Dominum.</span> 
     </span>
    </p>

    <p class='ocr_par' dir='ltr' id='par_1_22' title="bbox 144 3361 780 3440">
     <span class='ocr_line' id='line_1_35' title="bbox 144 3361 780 3440; baseline -0.006 -18"><span class='ocrx_word' id='word_1_194' title='bbox 144 3364 285 3440; x_wconf 77' lang='lat' dir='ltr'>Epistola.</span> <span class='ocrx_word' id='word_1_195' title='bbox 327 3364 376 3421; x_wconf 79' lang='lat' dir='ltr'>Ad</span> <span class='ocrx_word' id='word_1_196' title='bbox 390 3363 556 3422; x_wconf 74' lang='grc'><strong>0011011101</strong></span> <span class='ocrx_word' id='word_1_197' title='bbox 575 3361 611 3439; x_wconf 83' lang='grc'>(2</span> <span class='ocrx_word' id='word_1_198' title='bbox 633 3363 668 3419; x_wconf 76' lang='lat' dir='ltr'>ai.</span> <span class='ocrx_word' id='word_1_199' title='bbox 688 3362 780 3439; x_wconf 86' lang='lat'><strong><em>1-10).</em></strong></span> 
     </span>
    </p>

    <p class='ocr_par' dir='ltr' id='par_1_23' title="bbox 79 3442 1282 3603">
     <span class='ocr_line' id='line_1_36' title="bbox 144 3442 1282 3522; baseline 0.004 -19"><span class='ocrx_word' id='word_1_200' title='bbox 144 3445 282 3503; x_wconf 81' lang='lat' dir='ltr'>Fratres:</span> <span class='ocrx_word' id='word_1_201' title='bbox 297 3445 463 3503; x_wconf 85' lang='lat' dir='ltr'>Hortamur</span> <span class='ocrx_word' id='word_1_202' title='bbox 476 3463 578 3502; x_wconf 86' lang='lat' dir='ltr'>vosne</span> <span class='ocrx_word' id='word_1_203' title='bbox 592 3444 625 3500; x_wconf 92' lang='lat' dir='ltr'>in</span> <span class='ocrx_word' id='word_1_204' title='bbox 637 3462 764 3500; x_wconf 85' lang='lat' dir='ltr'>vacuum</span> <span class='ocrx_word' id='word_1_205' title='bbox 777 3442 903 3519; x_wconf 84' lang='lat' dir='ltr'>gratiam</span> <span class='ocrx_word' id='word_1_206' title='bbox 917 3442 975 3501; x_wconf 90' lang='lat' dir='ltr'>Dei</span> <span class='ocrx_word' id='word_1_207' title='bbox 984 3443 1131 3520; x_wconf 85' lang='lat' dir='ltr'>recipiatis</span> <span class='ocrx_word' id='word_1_208' title='bbox 1141 3466 1231 3522; x_wconf 73' lang='lat' dir='ltr'>usqam</span> <span class='ocrx_word' id='word_1_209' title='bbox 1241 3449 1282 3506; x_wconf 85' lang='lat' dir='ltr'>ad</span> 
     </span>
     <span class='ocr_line' id='line_1_37' title="bbox 79 3523 836 3603; baseline -0.003 -19"><span class='ocrx_word' id='word_1_210' title='bbox 79 3534 227 3603; x_wconf 87' lang='lat' dir='ltr'>tanquam</span> <span class='ocrx_word' id='word_1_211' title='bbox 240 3525 317 3583; x_wconf 91' lang='lat' dir='ltr'>nihil</span> <span class='ocrx_word' id='word_1_212' title='bbox 329 3526 479 3598; x_wconf 88' lang='lat' dir='ltr'>habentes,</span> <span class='ocrx_word' id='word_1_213' title='bbox 493 3531 524 3582; x_wconf 89' lang='lat' dir='ltr'>et</span> <span class='ocrx_word' id='word_1_214' title='bbox 537 3525 636 3582; x_wconf 90' lang='lat' dir='ltr'>omnia</span> <span class='ocrx_word' id='word_1_215' title='bbox 648 3523 836 3600; x_wconf 85' lang='lat' dir='ltr'>possidentes.</span> 
     </span>
    </p>

    <p class='ocr_par' dir='ltr' id='par_1_24' title="bbox 81 3606 1282 4410">
     <span class='ocr_line' id='line_1_38' title="bbox 122 3606 1282 3782; baseline 0.003 -37"><span class='ocrx_word' id='word_1_216' title='bbox 122 3768 129 3782; x_wconf 94' lang='lat'><strong><em>.</em></strong></span> <span class='ocrx_word' id='word_1_217' title='bbox 146 3606 346 3765; x_wconf 47' lang='lat' dir='ltr'>{iigllalidsuis</span> <span class='ocrx_word' id='word_1_218' title='bbox 359 3686 441 3744; x_wconf 87' lang='lat' dir='ltr'>Deus</span> <span class='ocrx_word' id='word_1_219' title='bbox 455 3685 608 3744; x_wconf 86' lang='lat' dir='ltr'>mandavit</span> <span class='ocrx_word' id='word_1_220' title='bbox 620 3685 657 3743; x_wconf 92' lang='lat' dir='ltr'>de</span> <span class='ocrx_word' id='word_1_221' title='bbox 670 3691 718 3743; x_wconf 89' lang='lat' dir='ltr'>te:</span> <span class='ocrx_word' id='word_1_222' title='bbox 739 3691 774 3742; x_wconf 90' lang='lat' dir='ltr'>ut</span> <span class='ocrx_word' id='word_1_223' title='bbox 795 3685 963 3743; x_wconf 85' lang='lat' dir='ltr'>custodiant</span> <span class='ocrx_word' id='word_1_224' title='bbox 981 3692 1011 3744; x_wconf 91' lang='lat' dir='ltr'>te</span> <span class='ocrx_word' id='word_1_225' title='bbox 1030 3687 1062 3744; x_wconf 92' lang='lat' dir='ltr'>in</span> <span class='ocrx_word' id='word_1_226' title='bbox 1076 3688 1212 3748; x_wconf 91' lang='lat' dir='ltr'>omnibus</span> <span class='ocrx_word' id='word_1_227' title='bbox 1225 3690 1282 3749; x_wconf 84' lang='lat' dir='ltr'>viis</span> 
     </span>
     <span class='ocr_line' id='line_1_39' title="bbox 81 3775 1281 3929; baseline 0.003 -22"><span class='ocrx_word' id='word_1_228' title='bbox 81 3775 187 3909; x_wconf 61' lang='lat' dir='ltr'>Vllsln</span> <span class='ocrx_word' id='word_1_229' title='bbox 206 3848 342 3906; x_wconf 85' lang='lat' dir='ltr'>manibus</span> <span class='ocrx_word' id='word_1_230' title='bbox 362 3848 524 3924; x_wconf 87' lang='lat' dir='ltr'>portabunt</span> <span class='ocrx_word' id='word_1_231' title='bbox 542 3852 592 3905; x_wconf 87' lang='lat' dir='ltr'>te:</span> <span class='ocrx_word' id='word_1_232' title='bbox 615 3866 653 3904; x_wconf 91' lang='lat' dir='ltr'>ne</span> <span class='ocrx_word' id='word_1_233' title='bbox 673 3865 805 3923; x_wconf 86' lang='lat' dir='ltr'>unquam</span> <span class='ocrx_word' id='word_1_234' title='bbox 826 3847 954 3906; x_wconf 86' lang='lat' dir='ltr'>offendas</span> <span class='ocrx_word' id='word_1_235' title='bbox 975 3848 1012 3905; x_wconf 88' lang='lat' dir='ltr'>ad</span> <span class='ocrx_word' id='word_1_236' title='bbox 1032 3848 1159 3926; x_wconf 87' lang='lat' dir='ltr'>lapidem</span> <span class='ocrx_word' id='word_1_237' title='bbox 1178 3852 1281 3929; x_wconf 91' lang='lat' dir='ltr'>pedem</span> 
     </span>
     <span class='ocr_line' id='line_1_40' title="bbox 83 3938 1051 4069; baseline -0.002 -81"><span class='ocrx_word' id='word_1_238' title='bbox 83 3938 281 4069; x_wconf 45' lang='lat' dir='ltr'>tuurp&#39;m·</span> <span class='ocrx_word' id='word_1_239' title='bbox 1050 4015 1051 4018; x_wconf 7' lang='grc' dir='ltr'><strong>Ἴ</strong></span> 
     </span>
     <span class='ocr_line' id='line_1_41' title="bbox 148 4087 1282 4184; baseline 0.001 -35"><span class='ocrx_word' id='word_1_240' title='bbox 148 4090 208 4184; x_wconf 76' lang='lat' dir='ltr'>Qui</span> <span class='ocrx_word' id='word_1_241' title='bbox 226 4089 396 4149; x_wconf 82' lang='lat' dir='ltr'>habitatin</span> <span class='ocrx_word' id='word_1_242' title='bbox 419 4089 566 4167; x_wconf 86' lang='lat' dir='ltr'>adjutorio</span> <span class='ocrx_word' id='word_1_243' title='bbox 587 4087 756 4147; x_wconf 85' lang='lat' dir='ltr'>Altissimi:</span> <span class='ocrx_word' id='word_1_244' title='bbox 782 4089 814 4145; x_wconf 92' lang='lat' dir='ltr'>in</span> <span class='ocrx_word' id='word_1_245' title='bbox 838 4091 1018 4166; x_wconf 81' lang='lat' dir='ltr'>protectione</span> <span class='ocrx_word' id='word_1_246' title='bbox 1039 4091 1098 4150; x_wconf 86' lang='lat' dir='ltr'>Dei</span> <span class='ocrx_word' id='word_1_247' title='bbox 1121 4094 1184 4151; x_wconf 87' lang='lat' dir='ltr'>caeli</span> <span class='ocrx_word' id='word_1_248' title='bbox 1206 4113 1282 4152; x_wconf 85' lang='lat' dir='ltr'>com-</span> 
     </span>
     <span class='ocr_line' id='line_1_42' title="bbox 83 4171 1282 4330; baseline 0.001 -19"><span class='ocrx_word' id='word_1_249' title='bbox 83 4171 407 4311; x_wconf 61' lang='lat' dir='ltr'>1Vlorilibbleromino:</span> <span class='ocrx_word' id='word_1_250' title='bbox 436 4250 593 4328; x_wconf 82' lang='lat' dir='ltr'>Susceptor</span> <span class='ocrx_word' id='word_1_251' title='bbox 613 4270 695 4310; x_wconf 86' lang='lat' dir='ltr'>meus</span> <span class='ocrx_word' id='word_1_252' title='bbox 714 4269 744 4308; x_wconf 91' lang='lat' dir='ltr'>es</span> <span class='ocrx_word' id='word_1_253' title='bbox 763 4256 807 4325; x_wconf 90' lang='lat' dir='ltr'>tu,</span> <span class='ocrx_word' id='word_1_254' title='bbox 828 4256 859 4309; x_wconf 89' lang='grc'>01</span> <span class='ocrx_word' id='word_1_255' title='bbox 880 4251 1026 4330; x_wconf 83' lang='lat' dir='ltr'>refugium</span> <span class='ocrx_word' id='word_1_256' title='bbox 1050 4273 1167 4312; x_wconf 90' lang='lat' dir='ltr'>meum:</span> <span class='ocrx_word' id='word_1_257' title='bbox 1200 4254 1282 4313; x_wconf 87' lang='lat' dir='ltr'>Deus</span> 
     </span>
     <span class='ocr_line' id='line_1_43' title="bbox 84 4333 448 4410; baseline -0.003 -19"><span class='ocrx_word' id='word_1_258' title='bbox 84 4352 178 4404; x_wconf 88' lang='lat' dir='ltr'>meus,</span> <span class='ocrx_word' id='word_1_259' title='bbox 193 4333 335 4410; x_wconf 86' lang='lat' dir='ltr'>sperabo&#39;</span> <span class='ocrx_word' id='word_1_260' title='bbox 326 4352 360 4390; x_wconf 90' lang='lat' dir='ltr'>m</span> <span class='ocrx_word' id='word_1_261' title='bbox 374 4351 448 4390; x_wconf 87' lang='lat' dir='ltr'>eum.</span> 
     </span>
    </p>

    <p class='ocr_par' dir='ltr' id='par_1_25' title="bbox 90 4378 1261 4574">
     <span class='ocr_line' id='line_1_44' title="bbox 90 4378 1261 4507; baseline 0.003 -35"><span class='ocrx_word' id='word_1_262' title='bbox 90 4413 121 4472; x_wconf 93' lang='lat' dir='ltr'>V.</span> <span class='ocrx_word' id='word_1_263' title='bbox 150 4378 317 4483; x_wconf 60' lang='lat' dir='ltr'>Q&#39;uoniam&#39;</span> <span class='ocrx_word' id='word_1_264' title='bbox 309 4433 370 4507; x_wconf 85' lang='lat' dir='ltr'>rpse</span> <span class='ocrx_word' id='word_1_265' title='bbox 383 4413 522 4471; x_wconf 88' lang='lat' dir='ltr'>liberavit</span> <span class='ocrx_word' id='word_1_266' title='bbox 535 4432 582 4471; x_wconf 88' lang='lat' dir='ltr'>me</span> <span class='ocrx_word' id='word_1_267' title='bbox 595 4413 631 4470; x_wconf 91' lang='lat' dir='ltr'>de</span> <span class='ocrx_word' id='word_1_268' title='bbox 644 4413 748 4489; x_wconf 84' lang='lat' dir='ltr'>laqueo</span> <span class='ocrx_word' id='word_1_269' title='bbox 761 4415 953 4472; x_wconf 87' lang='lat' dir='ltr'>venantium:</span> <span class='ocrx_word' id='word_1_270' title='bbox 975 4420 1005 4472; x_wconf 89' lang='lat' dir='ltr'>et</span> <span class='ocrx_word' id='word_1_271' title='bbox 1018 4434 1036 4472; x_wconf 89' lang='grc'>0</span> <span class='ocrx_word' id='word_1_272' title='bbox 1048 4416 1139 4473; x_wconf 81' lang='lat' dir='ltr'>verbo</span> <span class='ocrx_word' id='word_1_273' title='bbox 1152 4436 1261 4495; x_wconf 86' lang='lat' dir='ltr'>aspero.</span> 
     </span>
     <span class='ocr_line' id='line_1_45' title="bbox 90 4492 1107 4574; baseline 0 -21"><span class='ocrx_word' id='word_1_274' title='bbox 90 4493 122 4553; x_wconf 96' lang='lat' dir='ltr'>V.</span> <span class='ocrx_word' id='word_1_275' title='bbox 150 4492 280 4574; x_wconf 75' lang='lat' dir='ltr'>Scapulis</span> <span class='ocrx_word' id='word_1_276' title='bbox 292 4495 354 4555; x_wconf 85' lang='lat' dir='ltr'>suis</span> <span class='ocrx_word' id='word_1_277' title='bbox 368 4494 557 4553; x_wconf 85' lang='lat' dir='ltr'>obumbrabit</span> <span class='ocrx_word' id='word_1_278' title='bbox 570 4494 643 4553; x_wconf 86' lang='lat' dir='ltr'>tibi:</span> <span class='ocrx_word' id='word_1_279' title='bbox 666 4501 697 4552; x_wconf 93' lang='lat' dir='ltr'>et</span> <span class='ocrx_word' id='word_1_280' title='bbox 710 4495 764 4553; x_wconf 91' lang='lat' dir='ltr'>sub</span> <span class='ocrx_word' id='word_1_281' title='bbox 778 4495 882 4573; x_wconf 89' lang='lat' dir='ltr'>pennis</span> <span class='ocrx_word' id='word_1_282' title='bbox 895 4496 958 4571; x_wconf 89' lang='lat' dir='ltr'>ejus</span> <span class='ocrx_word' id='word_1_283' title='bbox 972 4497 1107 4572; x_wconf 85' lang='lat' dir='ltr'>sperabis.</span> 
     </span>
    </p>
   </div>
   <div class='ocr_carea' id='block_1_6' title="bbox 0 0 1476 4986">
    <p class='ocr_par' dir='ltr' id='par_1_26' title="bbox 0 0 1476 4986">
     <span class='ocr_line' id='line_1_46' title="bbox 0 0 1476 4986; baseline 0 0"><span class='ocrx_word' id='word_1_284' title='bbox 0 0 1476 4986; x_wconf 95' lang='lat' dir='ltr'> </span> 
     </span>
    </p>
   </div>
  </div>
 </body>
</html>
