2918 4986
400 349 619 415 Hebdomada
634 348 689 416 o‘o'i.
709 350 987 436 Quadrupeeimoe.
1249 356 1290 420 67

92 517 192 575 ficium
205 514 413 575 celebrandum
426 516 612 575 subditorum
626 517 683 575 tibi
696 537 817 594 corpora
831 524 1002 596 mentesque
1020 520 1188 579 sanctificet.
1232 521 1291 578 Per

92 598 264 657 Dominum

153 676 331 737 Cooumunrb.

153 759 257 816 Passer
269 758 386 815 invenit
399 758 455 815 sibi
468 758 657 816 demumst
670 765 772 816 trutur
785 760 897 833 nidum,
908 762 961 819 nbi
969 769 1091 839 reponat
1101 763 1225 840 pullos
1206 783 1290 821 suos:

90 839 198 897 altaria
220 846 281 910 tua,
305 839 433 896 Domine
455 839 611 910 virtutum,
638 839 707 897 Rex
731 860 812 898 meus
840 846 870 898 et
894 842 976 899 Deus
1000 862 1101 901 meus:
1135 844 1215 902 beati
1239 844 1290 921 qui

89 920 250 978 habitant'
241 940 274 976 m
287 920 373 976 domo
387 926 457 977 ura:
478 920 510 976 in
523 919 662 978 saeculum
675 921 774 977 soeculi
788 921 1002 982 laudabuntte.

150 1000 390 1059 Poateoououaio

151 1081 184 1139 A
203 1081 316 1139 cunctis
338 1100 401 1153 nos,
425 1080 561 1153 Domine,
588 1081 719 1139 reatibus
743 1088 773 1139 et
796 1082 933 1159 periculis
959 1085 1136 1161 propitiatus
1163 1087 1288 1159 absolve,

89 1181 165 1239 quos
178 1162 256 1219 tanti
268 1162 403 1238 mysterii
416 1162 524 1219 tribuis
537 1181 598 1220 esse
612 1163 777 1239 participes.
820 1163 879 1220 Per
893 1164 1062 1223 Dominum,

551 1324 651 1383 Fama
672 1325 825 1384 Sacrana

151 1407 290 1483 Officium.

150 1487 190 1545 In
211 1488 276 1546 Deo
298 1487 423 1545 laudabo
444 1487 584 1545 verbum:
609 1487 641 1543 in
664 1487 792 1545 Domino
815 1487 940 1545 laudabo
964 1507 1146 1547 sermonem:
1171 1489 1205 1546 in
1226 1491 1290 1548 Deo

86 1569 210 1646 speravi,
228 1588 287 1626 non
300 1569 410 1626 timebo
424 1568 496 1644 quid
509 1568 598 1626 faciat
611 1568 686 1624 mihi
698 1567 794 1625 homo

149 1649 293 1707 Pandrosos.

148 1726 306 1787 Miserere’
303 1728 370 1801 mei,
385 1730 474 1802 Deus,
491 1728 628 1806 quoniam
650 1728 832 1787 conculcavit
852 1749 899 1787 me
912 1729 1016 1788 homo:
1038 1737 1103 1788 tota
1116 1731 1185 1790 die
1177 1752 1288 1810 mrpug-

83 1830 162 1868 nans
175 1806 332 1869 tribulavit
349 1829 402 1868 me

149 1891 258 1951 Oratio.

149 1972 293 2030 Gordibus
326 1971 442 2043 nostris,
477 1990 652 2047 quaesumus,
688 1971 822 2040 Domine,
856 1972 983 2048 gratiam
1022 1978 1105 2031 tuam
1142 1974 1287 2051 benignus

83 2052 231 2111 infunde:
251 2058 288 2110 ut
306 2051 383 2110 sicut
402 2053 440 2110 ab
460 2051 532 2109 escis
552 2051 749 2128 corporalibus
769 2052 967 2110 abstinemus:
988 2054 1032 2111 ita
1051 2074 1152 2112 sensrrs
1170 2075 1286 2131 quoque

83 2142 203 2191 nostros
215 2153 234 2192 a
247 2133 343 2190 noxiis
356 2132 540 2190 retrahamus
554 2132 726 2190 excessibus.
770 2132 829 2191 Per
842 2134 1012 2192 Dominum.

147 2214 243 2272 Lectio
256 2214 324 2271 libri
336 2214 448 2288 Rapum
461 2212 497 2289 (4
512 2233 536 2271 o.
555 2213 647 2291 1-15).

147 2294 188 2352 In
201 2295 305 2352 diebus
318 2294 386 2366 illis,
403 2294 540 2351 Naaman
553 2294 688 2369 princeps
701 2294 816 2351 militiae
830 2295 906 2371 regis
925 2295 1016 2371 Syriae
1037 2316 1127 2371 eosque
1148 2299 1188 2354 ad
1208 2299 1288 2357 Vere

83 2375 147 2433 scio
167 2375 246 2453 quod
265 2395 326 2432 non
346 2375 385 2433 sit
410 2375 491 2432 Deus
513 2373 587 2432 alius
607 2375 640 2431 in
657 2375 796 2432 universa
815 2381 904 2446 terra,
922 2377 981 2434 nisi
1001 2383 1120 2434 tantum
1143 2380 1288 2436 Dominus

83 2458 170 2515 Deus
183 2456 284 2515 Israel.

148 2536 282 2595 Gredole.
476 2584 479 2591 .

146 2618 237 2689 Deus,
260 2617 354 2674 vitam
376 2636 472 2674 meam
495 2616 632 2673 nuntiavi
653 2616 728 2673 tibi:
752 2617 878 2692 posuisti
900 2617 1042 2693 lacrymas
1066 2638 1146 2678 meas
1170 2621 1203 2676 in
1225 2640 1290 2678 con-

84 2704 189 2776 spectu
203 2706 264 2756 tuo.

89 2780 121 2839 V.
150 2778 291 2837 Miserere
312 2777 395 2849 mihi,
419 2777 555 2850 Domine,
579 2777 718 2853 quonism
742 2778 924 2836 conculcavit
947 2799 994 2836 me
1019 2779 1124 2837 homo:
1154 2785 1219 2838 tota
1242 2782 1289 2838 die

84 2860 201 2918 bellans
214 2858 370 2916 tribulavit
386 2877 442 2916 me.

146 2940 346 3015 Eoonqelium.
389 2938 557 2997 Secundum
571 2937 685 2995 laeum
704 2937 758 3010 (io.
777 2939 890 3015 23-30).

148 3020 188 3078 In
201 3020 254 3078 illo
274 3028 413 3096 tempore,
429 3020 582 3077 Dixerunt
604 3018 746 3075 Pharisaei
769 3018 806 3076 ad
827 3020 951 3077 Jesum:
981 3020 1101 3090 Quanta
1124 3021 1290 3078 audivimus

82 3102 164 3160 facta
176 3102 210 3158 in
223 3100 430 3178 capharnaum
444 3120 533 3175 usque
547 3101 587 3157 ud
601 3099 670 3176 Ipse
683 3105 784 3160 autem
799 3099 943 3157 transiens
952 3119 1005 3176 per
1019 3101 1149 3158 medium
1161 3101 1288 3173 illorum,

85 3183 161 3241 ibat.

148 3262 340 3336 Offertoriam.

146 3342 274 3414 Exaudi,
304 3343 393 3413 Deus,
422 3342 585 3399 orationem
612 3361 715 3414 meam,
736 3347 767 3399 et
793 3361 831 3400 ne
861 3341 1027 3419 despexeris
1055 3343 1290 3421 deprecationem

83 3443 200 3482 meam:
222 3423 344 3481 intende
357 3423 390 3480 in
403 3443 458 3495 me,
474 3429 504 3481 et
518 3422 626 3480 exaudi
639 3442 693 3481 me.

145 3502 266 3563 Secreto.

145 3584 260 3642 Munus
281 3584 361 3661 quod
380 3583 445 3655 tibi,
465 3584 600 3655 Domine,
614 3589 722 3641 nostrae
744 3584 897 3642 servitutis
921 3585 1079 3659 offerimus,
1103 3592 1138 3644 tu
1160 3587 1289 3646 salutare

85 3666 173 3725 nobis
185 3665 291 3743 perfice
304 3670 526 3723 sacramentum.
569 3663 628 3722 Per
641 3665 812 3723 Dominum.

146 3744 326 3806 conmenta.

145 3827 221 3897 Quis
233 3827 317 3885 dabit
330 3845 369 3885 ex
383 3825 454 3884 Sion
468 3825 595 3882 salutare
609 3824 723 3883 Israel·
749 3845 817 3883 eum
837 3827 979 3884 averterit
1000 3828 1147 3888 Dominus
1165 3831 1286 3908 eaptivi-

82 3914 177 3967 tatem
190 3907 286 3985 plebis
298 3926 367 3979 suae,
382 3905 531 3964 exultabit
543 3906 638 3964 Jacob
652 3913 683 3963 et
695 3906 848 3964 laetabitur
862 3907 962 3964 lsrael

143 3988 387 4047 Postcommumb.

98 4069 268 4142 Praesta,
282 4078 457 4145 quaesumus,
473 4067 658 4143 omnipotens
680 4073 710 4125 et
731 4067 894 4125 misericors
915 4069 1006 4142 Dens,
1021 4076 1057 4128 ut
1070 4091 1134 4147 quae
1154 4091 1204 4130 ore
1220 4092 1286 4130 con-

80 4151 236 4228 tingimus,
250 4154 437 4227 puramente
451 4148 606 4225 capiamus.
650 4147 708 4206 Per
721 4149 891 4207 Dominum.

142 4231 240 4308 Super
259 4230 414 4306 Popabeoe.

142 4312 308 4371 Subveniat
340 4311 434 4382 nobis,
469 4329 643 4386 quaesumus,
680 4309 817 4382 Domine,
852 4310 1052 4385 misericordia
1085 4319 1146 4384 tua,
1179 4318 1215 4370 ut
1248 4315 1285 4370 ab

79 4393 308 4453 imminentibus
328 4396 515 4469 peccatorum
536 4397 704 4449 nostrorum
726 4391 862 4468 periculis
880 4397 910 4450 to
929 4411 1095 4450 mereamur
1115 4356 1286 4521 piotegento

78 4474 197 4535 salvari
241 4473 301 4532 Per
313 4471 484 4530 Dominum.
