2918 4986
528 376 647 442 Oouou
661 373 781 439 Mieeoe.
1216 379 1278 438 211

138 549 181 606 Iu
202 547 333 604 omuibus
346 543 441 602 Fectio
460 543 625 619 duplicibus
639 562 694 618 per
707 539 874 599 Adventum
887 551 912 598 et
926 560 946 600 u
959 541 1176 617 Septuupeeimu
1193 512 1282 618 usque

68 633 118 688 ad
133 629 243 690 Certum
257 627 387 695 Domiui,
395 625 527 700 flur'crtur
542 624 636 680 Misso
649 624 699 680 lsoc
713 624 804 680 modo.
1161 618 1164 623 ’

144 1083 188 1141 In
201 1082 334 1142 omuibus
346 1082 441 1139 Fertis
454 1079 545 1137 uiuus
559 1079 727 1136 Lectionum
740 1078 801 1134 siue
815 1077 953 1152 regimine
966 1078 1054 1149 ctiori,
1068 1089 1095 1137 et
1108 1080 1143 1137 iu
1155 1080 1252 1138 Feriis
1264 1089 1290 1137 et

68 1166 234 1237 Quattuor
244 1163 438 1239 Temporibus,
447 1171 473 1219 et
488 1160 601 1235 Vipitiis
610 1168 691 1217 extro
699 1157 888 1216 Doruiuicum
897 1159 1126 1234 coutiupeute'bus
1133 1181 1189 1236 per·
1199 1171 1290 1218 totum

64 1247 253 1384 siggim
261 1244 398 1382 zozim,
420 1252 446 1300 et
466 1263 486 1298 u
498 1240 715 1317 Septuupesimu
735 1259 825 1314 usque
841 1241 882 1296 ud
897 1238 1007 1298 Coruum
1020 1240 1152 1316 Domini,
1160 1243 1292 1317 fiuiotur

111 1422 181 1482 rs.
207 1431 956 1565 Q

127 1503 167 1560 D.

279 1595 461 1653 Be·ne-di
481 1629 491 1637 -
511 1614 647 1651 cu-mus
672 1594 868 1650 Do-mi-no.

151 1756 192 1814 Iu
206 1757 338 1829 opiuibus
351 1755 453 1812 Missis
461 1775 518 1830 pro
532 1752 813 1829 defurutisfiurutur
826 1753 922 1810 Misso
934 1753 985 1811 lucc
998 1756 1090 1812 modo.

118 1852 184 1990 tt·
793 1873 1133 1985 ....=.

268 2029 542 2103 Requi-escant
568 2027 600 2082 in
634 2047 693 2102 pa·
706 2046 746 2083 ce.
803 2025 1019 2085 uum-A·
1036 2047 1112 2085 men.

555 2154 568 2176 ν
584 2153 760 2212 rragmenury
775 2152 801 2198 in
817 2153 843 2198 o.

90 2299 375 2313 ffl—

586 2401 658 2462 [Note
673 2407 696 2445 to
706 2416 732 2459 p.
750 2400 813 2460 196.]

156 2494 215 2538 Two
229 2491 310 2536 leaves
325 2502 366 2534 ure
380 2487 439 2533 here
454 2485 563 2532 inserted
578 2485 643 2530 aiter
653 2485 696 2530 the
709 2485 726 2506 “
735 2485 839 2543 Agnus'’
850 2486 876 2531 in
886 2485 936 2534 MS.
950 2487 981 2542 D,
990 2487 1017 2532 in
1027 2489 1172 2548 apparently
1181 2489 1226 2536 the
1235 2504 1300 2536 seme

88 2549 165 2600 hund
179 2566 205 2596 ss
220 2551 264 2595 the
279 2551 330 2594 rest
345 2546 371 2594 of
388 2546 432 2592 the
447 2546 509 2603 MS,
526 2545 610 2603 giving
629 2544 672 2590 the
693 2545 852 2590 terminetion
868 2547 895 2591 to
910 2545 952 2592 the
968 2546 1063 2593 Servios
1078 2547 1142 2594 from
1157 2548 1200 2594 the
1214 2550 1302 2596 Sarum

93 2625 141 2660 use
150 2629 187 2659 :-

158 2671 218 2716 Haec
232 2652 565 2733 sacrosanctufflcommirtio
581 2662 687 2720 corporis
702 2663 727 2707 et
738 2662 864 2719 sanguinis
873 2662 973 2708 Domini
983 2665 1061 2710 nostri
1072 2665 1133 2711 Jesu
1144 2666 1245 2724 Christi,
1257 2668 1302 2713 fist

94 2739 170 2787 nobis
181 2740 207 2783 et
218 2735 330 2781 omnibus
346 2735 499 2780 sumentibus
515 2732 579 2777 sulus
595 2731 684 2776 mentis
700 2733 726 2775 et
741 2731 856 2788 corporis,
868 2732 893 2775 et
909 2731 940 2776 sd
950 2731 1026 2777 vitum
1038 2736 1153 2779 aeternam
1165 2751 1301 2794 promeren-

97 2800 158 2846 dam
168 2800 195 2843 et
205 2793 376 2853 capessendam
386 2792 531 2852 praeparatio
541 2790 661 2835 salutaris.
696 2790 742 2834 Per
752 2790 857 2835 eundem
868 2789 995 2836 Christum
1006 2792 1140 2838 Dominum
1151 2799 1269 2842 nostrum.

159 2856 272 2909 Domine,
293 2859 375 2898 sancto
390 2853 470 2907 Pater,
488 2851 642 2907 omnipotens
657 2851 747 2894 aeterne
762 2849 838 2901 Deus,
855 2848 887 2894 do
901 2849 971 2894 nobis
987 2850 1032 2896 hoc
1048 2852 1109 2897 mihi
1124 2858 1303 2901 sacrosanctum

98 2931 189 2975 corpus
200 2917 226 2960 et
236 2913 378 2969 sanguinem
389 2912 448 2957 Filii
458 2911 496 2956 tui
505 2909 604 2955 Domini
616 2909 659 2953 liei
669 2908 747 2953 nostri
754 2908 771 2953 J
772 2922 814 2952 esu
825 2907 918 2953 Christi
928 2909 965 2953 ita
975 2908 1048 2966 digne
1058 2925 1161 2967 sumere,
1171 2916 1201 2958 ut
1211 2929 1306 2960 merear

101 2991 145 3035 per
155 2976 202 3021 hoc
212 2972 379 3018 remissionem
395 2971 504 3016 omnium
515 2972 668 3025 peccatorum
680 2981 788 3012 meorum
800 2968 908 3025 accipere
920 2973 945 3012 et
956 2970 999 3012 tuo
1010 2969 1099 3015 Sancto
1110 2971 1206 3029 Spiritu
1216 2973 1305 3032 repleri

102 3040 128 3082 et
142 3032 215 3080 'tuam
231 3045 314 3089 pacem
330 3029 434 3085 hsbere3
450 3030 509 3087 quis
519 3032 547 3072 tu
558 3041 583 3072 es
594 3027 661 3072 Deus
672 3026 736 3072 solus
747 3030 772 3071 et
783 3029 871 3083 praeter
880 3029 906 3072 te
917 3041 966 3072 non
981 3030 1019 3073 est
1034 3027 1104 3086 nlius,
1118 3033 1189 3088 cnjus
1203 3047 1306 3090 regnum

103 3099 127 3140 et
137 3092 270 3151 imperium
281 3089 413 3146 gloriosum
424 3089 475 3134 sine
486 3087 535 3132 fine
545 3093 671 3144 permanet
681 3086 707 3130 in
718 3085 806 3130 soeculo
816 3085 965 3131 saeculorum.
999 3087 1086 3133 Amen.

161 3153 229 3197 Deus
243 3151 313 3194 Pater
325 3148 378 3193 lons
390 3152 415 3193 st
426 3148 492 3204 origo
504 3145 581 3191 totius
592 3145 719 3200 bonitatis,
732 3144 775 3202 qui
786 3144 876 3189 ductus
886 3145 1051 3192 misericordia
1062 3147 1223 3206 Unigenitum
1234 3151 1307 3196 tuum

105 3227 149 3271 pro
159 3210 230 3256 nobis
241 3208 271 3254 od
282 3207 366 3253 infime
376 3207 462 3252 mundi
472 3204 616 3251 descendere
627 3209 652 3249 et
663 3218 760 3249 carnem
776 3217 871 3249 sumere
882 3204 990 3261 voluisti,
1003 3220 1077 3263 quem
1088 3221 1131 3264 ego
1142 3208 1257 3267 indignus
1267 3210 1308 3255 hio

106 3273 131 3317 in
142 3269 255 3316 munibus
266 3267 326 3312 meis
336 3269 415 3321 teneo,
428 3270 453 3312 te
464 3265 545 3317 adoro,
559 3267 585 3308 te
595 3263 710 3320 glorifico,
723 3266 748 3308 te
763 3265 817 3308 tota
832 3263 922 3308 mentis
938 3278 966 3308 ac
981 3265 1061 3310 cordis
1076 3265 1213 3314 intentione
1224 3269 1305 3325 laudo,

107 3335 132 3376 et
141 3343 227 3388 precor
237 3330 266 3372 ut
278 3340 320 3371 nos
329 3324 435 3370 famulos
446 3328 501 3370 tuos
512 3338 560 3368 non
570 3322 674 3376 deseras,
687 3322 730 3367 scd
741 3324 839 3379 peccata
848 3322 1061 3378 nostra-dimittas,
1075 3329 1196 3383 quotenus
1205 3329 1253 3374 tibi
1262 3329 1309 3374 soli

106 3391 162 3434 vivo
177 3402 204 3432 ac
215 3400 272 3430 vero
282 3385 334 3430 Deo
345 3399 405 3442 puro
415 3383 487 3429 corde
498 3397 526 3427 ac
541 3385 608 3426 custo
624 3396 723 3440 corpore
739 3382 829 3426 servire
840 3381 970 3427 veleamus.
1003 3383 1050 3428 l'e'r
1065 3385 1170 3431 eundem
1181 3387 1307 3434 Christum

108 3448 241 3494 Dominum
252 3447 372 3489 nostrum.
407 3444 494 3488 Arnen.

166 3504 271 3551 Domine
286 3503 302 3547 J
304 3517 347 3547 esu
362 3501 467 3557 Christe,
484 3500 533 3546 Fili
548 3499 595 3545 Dei
615 3499 673 3552 vivi,
694 3499 737 3557 qui
758 3513 789 3544 ex
804 3498 933 3544 voluntate
948 3500 1037 3556 Petris,
1055 3506 1200 3560 cooperante
1214 3505 1308 3564 Spiritu

109 3567 206 3619 Sancto,
218 3577 261 3621 per
271 3566 375 3606 mortem
386 3564 455 3605 tuam
466 3559 585 3604 mundum
596 3558 741 3614 vivificasti3
756 3558 833 3604 libers
843 3572 889 3612 me,
902 3573 945 3616 per
956 3559 1019 3616 (hoc)
1031 3569 1210 3610 sacrosanctum
1223 3580 1309 3624 corpus

110 3629 136 3671 et
145 3625 212 3669 huno
223 3621 365 3677 sanguinem
376 3623 447 3664 tuum
458 3617 489 3664 ab
499 3617 611 3663 omnibus
621 3618 796 3675 iniquitatibus
806 3618 866 3663 meis
877 3621 903 3663 et
913 3617 944 3663 ab
954 3619 1074 3665 universis
1084 3623 1170 3678 malis3
1186 3627 1212 3669 et
1222 3625 1260 3670 iac
1270 3639 1310 3671 me

110 3684 161 3730 tuis
171 3695 266 3739 semper
275 3680 372 3725 obedire
382 3677 517 3736 praeceptis,
529 3680 555 3722 et
565 3692 580 3722 e.
589 3683 614 3721 te
624 3692 750 3734 nunquam
762 3677 788 3722 in
800 3680 946 3734 perpetuum
962 3681 1069 3736 separari
1084 3683 1220 3738 permittas,
1233 3685 1308 3730 sulvu-

108 3747 150 3789 tor
164 3740 259 3795 mundi,
272 3738 320 3796 Qui
336 3753 391 3783 curu
401 3738 453 3783 Deo
464 3739 536 3782 Putre
550 3739 577 3781 et
592 3736 675 3781 eodem
687 3736 783 3794 Spiritu
793 3736 881 3781 Sancto
892 3737 954 3782 vivis
965 3742 990 3783 ct
1004 3753 1089 3796 regnos
1099 3741 1166 3787 Deus
1176 3757 1220 3801 per
1229 3744 1311 3789 omnio

110 3801 200 3848 soeculo
210 3797 361 3844 soeculorum.
394 3799 481 3842 Arnen.
1112 3819 1115 3824 -

170 3859 284 3916 Corporis
299 3861 325 3902 et
340 3856 464 3913 sanguinis
479 3853 525 3910 tui,
536 3853 641 3899 Domine
651 3853 711 3898 Jesu
722 3853 827 3907 Christe,
843 3857 1030 3910 sacramentum,
1043 3858 1108 3916 quod
1123 3858 1182 3905 licet
1197 3861 1311 3918 indignus

109 3918 212 3976 accipio,
229 3931 276 3962 non
293 3916 326 3960 sit
340 3915 402 3960 mihi
419 3913 510 3972 judicio
526 3916 551 3959 et
566 3913 776 3966 condemnationi3
793 3913 835 3958 sed
850 3916 894 3958 tua
908 3915 988 3971 prosit
1002 3917 1095 3974 pietate
1110 3921 1216 3976 corporis
1226 3922 1275 3966 mei
1285 3923 1311 3966 et

112 3979 200 4024 animae
211 3974 293 4021 soluti.
327 3975 412 4019 Amen.

170 4037 223 4081 Ave
238 4035 265 4079 in
280 4035 405 4087 oeternum,
417 4031 569 4077 sanctissime
583 4045 637 4075 curo
649 4029 750 4084 Christi,
763 4030 823 4075 mihi
839 4032 896 4076 unte
912 4032 994 4078 omnio
1004 4036 1030 4078 et
1040 4049 1114 4092 super
1124 4037 1205 4082 omnia
1215 4052 1309 4084 summu

112 4095 223 4142 dulcedo.
256 4092 349 4150 Corpus
360 4091 457 4137 Domini
473 4090 552 4136 nostri
561 4090 623 4135 Jesu
633 4089 727 4135 Christi
741 4089 774 4134 sit
789 4089 851 4135 mihi
865 4092 987 4148 peccatori
998 4093 1037 4137 vio
1053 4099 1078 4139 ct
1089 4095 1148 4151 vita,
1165 4096 1196 4141 In
1211 4098 1309 4144 nomine

113 4155 195 4201 Patris
206 4157 231 4199 et
242 4152 291 4197 Fili
302 4156 327 4197 et
337 4152 442 4209 Spiritus
453 4150 542 4196 Sancti.
575 4150 661 4194 Amen.

174 4213 228 4258 Are
242 4211 268 4256 in
283 4214 409 4265 ueternum,
422 4209 525 4255 caelestis
535 4211 614 4266 potus,
627 4206 687 4252 mibi
703 4209 760 4252 ante
775 4207 857 4253 omnis
867 4209 892 4253 et
907 4223 980 4267 super
995 4210 1076 4255 omnia
1091 4226 1186 4258 summa
1200 4213 1310 4262 dulcedo.

111 4273 211 4330 Corpus
221 4273 247 4316 et
257 4271 354 4327 sanguis
364 4269 464 4314 Domini
473 4269 552 4314 nostri
561 4267 578 4312 J
580 4282 621 4312 esu
633 4266 726 4312 Christi
741 4268 836 4324 prosint
852 4267 912 4312 milri
927 4270 1047 4325 peccatori
1062 4270 1094 4316 ad
1108 4272 1243 4319 remedium
1253 4289 1313 4322 sern-

115 4333 240 4390 piternum
251 4330 276 4374 in
287 4330 362 4374 vitum
374 4330 496 4382 eternam,
510 4328 539 4372 In
549 4327 647 4371 nomine
658 4325 738 4370 Patris
748 4333 773 4370 et
783 4326 841 4372 Filii
852 4331 877 4372 et
887 4326 993 4384 Spiritus
1002 4329 1092 4376 Sancti.
1124 4334 1212 4380 Amen.

176 4388 274 4435 Gratias
284 4387 331 4432 tibi
341 4402 392 4444 ago,
404 4387 516 4441 Domine,
529 4389 611 4431 sancte
622 4385 702 4440 Pater,
714 4383 765 4442 tce,
777 4390 805 4431 ut
814 4399 897 4443 cupre

176 4447 247 4504 Quod
259 4461 299 4492 ore
310 4447 466 4504 sumpsimus,
479 4446 530 4499 irc„
543 4449 571 4490 ut
579 4457 663 4500 supra.

176 4508 237 4554 Haec
248 4520 292 4551 nos
302 4505 440 4552 communio
451 4504 563 4560 Domine,
575 4503 626 4559 tre,
642 4506 667 4547 ut
676 4516 759 4557 trimo.
