2918 4986
452 107 555 174 Dora.
578 105 632 173 iii.
653 112 728 193 poet
747 106 885 174 Paccio.
1190 112 1256 177 “141

10 258 12 297 ⁵
125 273 271 350 Praefatio.
314 273 356 331 Et
368 279 400 332 te
413 274 532 352 quidem
545 275 626 332 omni
638 280 778 352 tempore,
794 274 845 333 sad
857 273 890 332 in
903 273 959 333 hcc
971 273 1162 352 potissimum.

126 354 304 414 Ocramanio.

125 435 187 513 Ego
200 455 265 494 sum
279 441 380 511 pastor
391 436 493 508 bonus,
505 436 646 513 alleluya:
660 440 691 494 et
703 454 843 514 cognosco
856 455 924 494 oves
937 455 1024 511 meas,
1037 441 1068 495 et
1081 442 1259 514 cognoscunt

69 527 203 589 mameae,
219 516 354 592 alleluya,
369 517 503 593 alleluya.
533 575 536 579 .

123 597 363 656 Postcommunic.

123 677 237 736 Praesta
263 678 356 750 nobis,
382 697 557 754 quaesumus,
581 677 766 754 omnipotens
789 677 881 750 Deus,
897 684 941 736 ·ut
964 677 1172 737 vivificationis
1187 684 1258 737 'tuae

71 759 189 835 gratiam
203 764 420 836 consequentes,
432 759 465 818 in
478 765 530 818 tuo
543 778 657 836 semper
669 778 790 818 munere
803 759 969 836 gloriemur.
1005 758 1072 818 ·Per
1085 760 1256 821 Dominum.

533 957 635 1015 Fama
655 957 792 1027 Quaere.

64 1103 68 1109 '
122 1097 219 1156 Lectio
232 1096 370 1173 Epistola
384 1098 458 1157 beati
470 1098 553 1155 Petri
565 1096 696 1173 Apostoli
708 1097 745 1173 (1
761 1097 781 1154 i.
800 1096 913 1175 18-25).

122 1178 292 1238 carissimi:
313 1179 443 1237 Scientes
463 1179 539 1255 quod
559 1198 620 1235 non
634 1177 873 1254 corruptibilibus
889 1177 1070 1254 argentove]
1084 1198 1156 1238 auro
1169 1198 1258 1254 acque

67 1258 104 1318 ad
116 1260 235 1318 exaurit
256 1259 334 1317 enim
354 1260 473 1332 foenum,
493 1265 524 1317 ct
543 1259 596 1316 flos
619 1260 682 1336 ejus
705 1257 835 1317 decidit:
864 1259 988 1316 verbum
1012 1264 1112 1317 autem
1135 1259 1258 1319 Domini

67 1347 164 1399 manet
185 1340 217 1397 in
237 1346 387 1398 oeternum.
431 1371 434 1378 ·

123 1421 290 1480 semotam
309 1421 420 1478 Ιοιοαοι
442 1419 528 1498 (cxiv.
552 1418 643 1498 1-12).

123 1501 164 1559 In
177 1501 230 1558 illo
242 1508 381 1578 tempore,
399 1490 477 1560 lina
497 1501 612 1558 sabbati
632 1498 719 1557 valde
741 1498 871 1558 diluculo
892 1504 1038 1558 venerunt
1061 1499 1198 1560 mulieres
1221 1501 1259 1560 ad

59 1588 289 1647 ¹monumentum
302 1602 391 1658 usqae
410 1583 452 1640 ad
470 1588 500 1640 et
513 1581 597 1653 abiit,
611 1600 709 1639 secum
723 1581 833 1639 mirans
846 1581 925 1658 quod
937 1581 1050 1640 factum
1062 1581 1166 1643 fuerat.

552 1771 652 1839 Furem
675 1771 784 1835 smne.

122 1901 175 1960 Aet
195 1900 360 1961 Corinthios
381 1900 410 1980 (l
428 1922 472 1959 ecc.
488 1900 597 1980 22-28).

124 1982 278 2121 Fratlpes:
274 1983 357 2042 Sicut
369 1982 402 2039 in
415 1983 515 2040 Adam
523 2002 629 2042 omnes
640 1983 811 2045 moriuntur
819 2002 907 2061 usquc
916 1984 958 2043 eet
970 1988 1007 2042 ut
1020 1984 1059 2043 sit
1073 1986 1154 2045 Deus
1162 1987 1260 2051 omnia

66 2061 97 2121 in
109 2082 192 2122 emm
212 2083 246 2121 us

123 2144 290 2204 Saeptum
308 2143 482 2201 Marthama
503 2142 553 2221 (iic.
571 2143 619 2202 14-
621 2143 679 2220 17)

124 2224 166 2282 In
184 2225 236 2282 illo
249 2230 386 2300 tempore,
401 2225 595 2282 Accesserant
618 2225 655 2282 ad
676 2225 698 2282 J
700 2244 781 2282 esum
803 2225 938 2302 discipuli
961 2226 983 2284 J
984 2227 1108 2285 ohannis
1131 2226 1260 2287 dicentes

55 2323 154 2382 'aeque
164 2307 205 2363 aot
218 2306 309 2363 sed
281 2325 385 2363 smum
394 2324 505 2364 novum
517 2305 549 2362 in
560 2324 651 2363 novos
661 2311 742 2364 utres
752 2306 892 2379 mittitur,
901 2308 1031 2364 etambo
1041 2316 1257 2368 conservantur.

398 2503 559 2562 Dormuca
578 2503 696 2561 Tnama
714 2491 786 2562 rosr
806 2503 939 2571 Pascua

127 2601 266 2677 Officium.

125 2682 148 2741 J
150 2683 261 2740 ubrlate
284 2681 348 2739 Deo
371 2681 465 2738 omnis
488 2687 576 2753 terra,
598 2680 746 2756 alleluya:
774 2681 920 2758 psalmum
943 2681 1032 2740 dicite
1053 2681 1167 2740 nomini
1188 2685 1259 2761 ejus,

66 2762 210 2838 alleluya:
232 2764 299 2820 date
312 2762 435 2840 gloriam
448 2762 567 2820 laudi
543 2781 614 2838 ejus,
623 2761 762 2838 alleluya,
776 2763 911 2838 alleluya,
926 2763 1060 2839 alleluya.

125 2843 313 2997 Diiiiiulsiea
329 2924 426 2994 Quam
443 2923 588 2982 terribilia
609 2927 679 3009 sunt
700 2941 789 3000 opera
808 2928 870 2996 tua,
893 2923 1041 2983 Domine:
1071 2923 1104 2989 in
1126 2924 1261 2985 multitu-

67 3003 135 3063 diue
155 3005 277 3062 virtutis
297 3011 364 3063 tuae.

128 3084 237 3144 Oratio.

127 3165 219 3238 Deus,
233 3185 285 3242 qur
276 3165 471 3239 errantibus,
487 3170 522 3223 ut
535 3165 568 3223 in
581 3165 661 3224 viam
674 3165 788 3244 possint
800 3165 895 3224 redire
905 3164 1040 3243 justitiae,
1053 3166 1189 3226 veritatis
1202 3173 1261 3228 tuae

68 3245 174 3305 lumen
181 3247 329 3305 ostendis:
350 3247 393 3304 ela
400 3247 514 3305 cunctis
527 3246 580 3323 qui
593 3247 761 3306 Christiana
781 3246 959 3323 professione
982 3254 1146 3322 censentur,
1161 3255 1192 3308 et
1209 3250 1262 3309 illa

68 3345 203 3405 respuere
225 3347 289 3404 quae
310 3327 409 3386 huic'
400 3327 520 3384 mimica
541 3334 611 3385 sunt
632 3329 754 3402 nomini,
777 3334 808 3386 et
829 3347 864 3386 ca
885 3347 950 3404 quae
971 3333 1046 3387 sunt
1059 3335 1130 3407 apta
1146 3331 1259 3395 sectari.

68 3407 385 3565 PerLVciglelyliiitoloe
380 3488 461 3547 beati
470 3489 557 3547 'Peos
568 3472 699 3566 Apostoli
686 3489 783 3569 c'‘(1
758 3511 790 3548 ii
808 3487 918 3568 11-19).

128 3568 287 3642 carissimi,
303 3570 420 3628 obsecro
433 3589 486 3628 vos
499 3581 641 3646 tanquam
661 3571 788 3629 advenas
802 3575 832 3628 et
844 3570 1012 3648 peregrinos
1024 3556 1114 3648 cacque
1127 3573 1168 3631 ud
1187 3572 1262 3633 Haec

52 3653 113 3708 ‘est
125 3650 205 3708 enim
217 3651 322 3728 gratia,
330 3650 376 3708 In
389 3651 508 3708 Christo
521 3651 543 3708 J
544 3670 595 3708 esu
598 3651 747 3708 Domino
751 3656 860 3708 nostro.

51 3745 55 3754 ·
127 3730 276 3807 Alleluya.
324 3730 353 3789 V
379 3730 543 3804 Modicum,
558 3738 590 3789 et
601 3751 663 3790 non
675 3731 815 3789 videbitis
827 3750 883 3805 me,
893 3731 965 3790 dicit
978 3731 1140 3792 Dominus:
1152 3733 1262 3792 iterum

71 3810 228 3885 modicum,
243 3819 274 3870 et
286 3811 425 3871 videbitis
438 3831 495 3878 me,
509 3812 580 3888 quia
592 3811 668 3869 vado
681 3812 718 3868 ad
732 3812 860 3869 Patrem.

69 3892 354 4032 νοεὶΑῃΠὲἑιῶιὲωῑῖ.
390 3892 430 3950 In
443 3892 491 3950 die
504 3892 725 3954 resurrectionis
745 3911 816 3951 meae
839 3892 912 3951 dicit
929 3892 1085 3967 Dominus²
1100 3892 1261 3971 praeoedm

64 4105 67 4109 ,
126 4053 217 4112 Ferte
230 4052 372 4112 Socanda
413 4053 517 4112 Primo
531 4054 597 4115 ioco.

126 4134 277 4211 Alleluya
326 4133 357 4194 V.
384 4134 508 4192 Iterum
520 4141 620 4192 autem
632 4131 759 4192 videbo
751 4153 813 4212 vos,
827 4139 859 4195 et
878 4133 1020 4215 gaudebit
1040 4153 1090 4196 cor
1110 4138 1261 4196 vestrum:

70 4220 100 4274 et
111 4215 252 4294 gaudium
265 4219 397 4310 restrum
409 4235 497 4275 nemo
510 4215 595 4275 tollet
608 4235 626 4274 a
638 4213 760 4276 vobis.
