2918 4986
523 314 625 380 Faria
645 336 674 380 o.
693 320 769 400 post
790 314 928 382 Pascha.
1263 316 1325 382 131

204 481 252 540 Sic
265 481 429 554 tolerando,
445 481 524 538 mala
536 501 639 559 gerens
649 487 757 553 nostra,
773 481 922 540 descendit
935 482 972 541 ad
986 483 1046 559 ima
1058 487 1178 541 tertam.

202 563 310 621 Hostis
327 563 448 638 antiqui
461 581 520 639 quo
538 562 705 639 defringens
723 582 811 635 arma,
827 564 943 622 revehit
964 569 1069 642 potens
1090 562 1188 640 ainpla
1208 562 1323 623 ovando

285 650 404 719 tropaea.
1052 651 1056 658 '
1076 650 1080 657 '
1117 702 1120 709 .
1251 702 1254 708 .

202 724 309 800 Sicque
321 725 437 782 devicta
450 729 544 781 morte
557 743 590 780 ac
605 730 753 799 resumpta
766 744 861 798 carne,
873 724 1000 803 resurgit
1011 725 1106 784 victor
1116 726 1163 783 die
1172 724 1320 785 hodierna.

202 805 294 863 Unde
303 806 370 880 jam
379 805 522 881 jocundas
536 804 592 879 ipsi
606 824 743 861 canamus
762 806 840 876 odas,

200 884 261 943 Per
274 905 361 962 quem
376 885 462 942 nobis
475 886 539 942 vita
552 885 629 943 redit
642 892 753 942 aeterna
765 891 796 944 et
810 887 872 944 caeli
886 887 964 945 clara
977 886 1062 945 nobis
1076 887 1200 966 patescit
1213 887 1283 946 aula
1291 907 1301 962 3

201 966 258 1024 eui
272 968 311 1023 sit
326 967 390 1024 laus
405 973 521 1023 aeterna.

179 1072 391 1146 anapelium:
412 1072 578 1130 Secundum
592 1070 757 1132 Johaaaem
776 1071 851 1148 (arxi.
871 1071 964 1149 1-14).

182 1152 222 1209 In
236 1153 287 1210 illo
301 1161 441 1228 tempore,
457 1152 662 1208 Manifestavit
676 1172 705 1209 se
719 1153 828 1208 iterum
841 1153 862 1209 J
864 1172 929 1209 esus
942 1152 1093 1230 discipulis
1107 1152 1167 1210 suis
1183 1150 1221 1210 ad
1240 1171 1321 1210 mare

123 1232 284 1292 Tiberiadis
297 1253 386 1306 usqae
400 1234 440 1289 ad
455 1232 522 1289 Hoc
532 1233 595 1307 jam
609 1233 698 1290 tertio
712 1232 916 1290 manifestatus
930 1238 975 1291 est
985 1235 1006 1293 J
1008 1253 1074 1291 esus
1088 1231 1237 1311 discipulis
1250 1234 1319 1306 suis,

121 1333 189 1372 cum
202 1314 408 1371 resurrexisset
421 1333 439 1370 a
453 1314 584 1370 mortuis.

184 1393 374 1468 Offlrtoriam.
1160 1431 1163 1437 -

182 1474 287 1532 Portas
310 1475 372 1531 caeli
396 1474 513 1549 aperuit
536 1474 702 1531 Dominus:
735 1480 765 1533 et
792 1474 870 1550 pluit
896 1474 955 1531 illis
982 1494 1099 1546 manna,
1124 1479 1159 1531 ut
1182 1473 1320 1534 ederent:

123 1575 228 1632 panem
242 1555 306 1612 caeli
320 1555 401 1612 dedit
415 1555 492 1613 illis:
513 1574 620 1630 panem
633 1555 803 1631 angelorum
816 1555 1006 1613 manducavit
1019 1555 1115 1627 homo,
1130 1553 1264 1632 alleluya.

182 1635 302 1694 Secreto.

183 1716 341 1789 Sacrificia,
356 1717 492 1788 Domine,
508 1716 692 1792 paschalibus
709 1716 822 1792 gaudiis
838 1716 996 1787 immolata,
1012 1716 1096 1773 nobis
1109 1721 1168 1772 tuae
1181 1715 1321 1792 propitia

124 1795 213 1855 tionis
234 1816 342 1853 munus
360 1797 513 1854 obtineant
524 1817 533 1869 3
553 1798 660 1872 quibus
683 1797 801 1854 ecclesia
822 1803 876 1853 tua
897 1796 1071 1854 mirabiliter
1093 1801 1123 1854 et
1142 1797 1272 1875 pascitur
1291 1802 1322 1854 et

125 1877 265 1935 nutritur.
309 1878 368 1934 Per
386 1878 556 1934 Dominum.

183 1958 333 2034 Praefatio.
378 1959 418 2015 Et
432 1965 462 2016 te
477 1959 603 2035 quidem.
647 1950 912 2031 Oommunicantes,
927 1967 953 2016 et
964 1952 1056 2015 Hanc
1069 1957 1168 2036 igitur.

186 2037 366 2097 Coruncanio

185 2118 320 2177 Christus
334 2138 486 2195 resurgens
500 2139 539 2176 ex
552 2119 686 2191 mortuis,
703 2120 768 2196 jam
787 2139 848 2176 non
867 2114 1001 2193 moritur,
1016 2118 1163 2196 alleluya:
1184 2137 1263 2177 mors
1275 2115 1322 2178 illi

125 2199 204 2257 ultra
215 2220 276 2257 non
290 2201 496 2272 dominabitur,
512 2200 644 2276 alleluya.

185 2280 423 2338 Postcommaaio

184 2361 237 2418 Ab
261 2361 342 2417 omni
365 2380 427 2433 nos,
453 2381 627 2437 quaesumus
649 2360 785 2433 Domine,
804 2367 952 2418 vetustate
975 2366 1123 2438 purgatos
1148 2360 1323 2420 sacramenti

126 2441 172 2499 tui
184 2442 351 2499 veneranda
364 2441 512 2518 perceptio
526 2443 558 2498 in
571 2461 678 2499 novam
692 2443 851 2500 transferat
865 2444 1036 2499 creaturam.
1077 2442 1136 2500 Per
1149 2442 1320 2500 Dominum.

184 2644 356 2704 Notandum
376 2646 454 2720 qaod
474 2646 508 2703 ia
527 2646 573 2704 bis
594 2647 685 2704 tribas
704 2647 811 2718 diebus,
834 2648 936 2705 scilicet
950 2647 1039 2705 Faria
1059 2647 1171 2723 pariata,
1192 2658 1278 2722 secto,
1298 2659 1324 2708 et

126 2724 256 2799 Sublato,
273 2725 404 2802 Officium
418 2728 485 2785 orate
499 2727 601 2785 Gloria
615 2727 699 2784 Patri
711 2737 864 2802 repetatur,
880 2736 905 2785 et
921 2727 1046 2786 Gradele
1054 2737 1122 2804 post
1141 2729 1265 2789 Versum.

596 2872 696 2930 Fama
718 2873 848 2942 Qurrra

185 2979 236 3037 re
249 2979 381 3038 Missam.
427 2978 565 3054 Officium.

185 3061 350 3118 Victricem
363 3080 484 3118 manum
497 3067 588 3138 tuam,
602 3060 737 3133 Domine,
749 3060 944 3117 laudaverunt
957 3060 1075 3136 pariter,
1087 3060 1214 3138 alleluya
1225 3057 1245 3119 :f
1252 3063 1323 3139 quia

128 3141 271 3218 sapientia
283 3141 399 3216 aperuit
414 3161 445 3199 os
459 3147 595 3199 mutum:
617 3147 647 3199 et
661 3141 775 3218 linguas
788 3140 948 3197 infantium
961 3141 1030 3200 fecit
1044 3141 1177 3216 disertas,
1188 3143 1322 3221 alleluya,

129 3221 260 3298 alleluya.

187 3301 332 3360 Paubaus.

187 3381 377 3441 confitemini
396 3382 535 3457 Domino,
550 3383 689 3461 quoniam
708 3385 803 3441 bonus
814 3405 820 3441 :
833 3383 980 3460 'quoniam
998 3383 1032 3442 in
1051 3385 1191 3443 saeculum
1210 3385 1321 3445 miseri·

128 3463 227 3522 cordia
239 3463 310 3538 ejus.
871 3475 873 3479 ’
1297 3478 1302 3493 ’

189 3543 298 3602 Oratio.

188 3625 278 3695 Deus,
292 3624 343 3702 qui
357 3624 558 3682 diversitatem
571 3626 704 3702 gentium
718 3628 749 3683 in
764 3625 942 3683 confessione
955 3626 1002 3684 tui
1021 3627 1149 3686 nominis
1168 3627 1323 3689 adunasti:

131 3704 167 3763 da
179 3711 215 3763 ut
227 3707 338 3764 renatis
351 3705 433 3762 sonte
446 3705 631 3781 baptismatis
645 3728 704 3765 una
718 3709 757 3765 sit
770 3707 840 3764 fides
853 3707 999 3765 mentium
1013 3714 1043 3766 et
1055 3709 1150 3786 pietas
1163 3711 1319 3771 actionum

132 3785 188 3844 Per
201 3785 370 3844 Dominum
846 3804 854 3823 ·

188 3867 284 3926 Lectio
297 3867 426 3924 Actaeam
438 3863 639 3942 Apostolorum
652 3864 728 3943 (viii
747 3866 860 3945 26-40)
1002 3904 1004 3910 ·

189 3947 230 4004 In
245 3947 348 4009 diebus
367 3947 436 4018 illis,
452 3947 585 4023 Angelus
607 3946 730 4003 Domini
751 3946 866 4006 locutus
888 3954 932 4006 est
953 3949 991 4007 ad
1012 3948 1193 4028 Philippum,
1207 3951 1305 4011 dicens
1314 3972 1323 4026 3

132 4026 223 4104 Surge
237 4034 268 4086 et
280 4029 354 4086 vade
374 4047 464 4102 usqae
477 4029 517 4084 ud
539 4027 755 4104 evangelizabat
777 4028 946 4087 civitatibus
967 4031 1088 4105 cunctis,
1104 4033 1195 4091 donec
1208 4034 1324 4092 veniret

132 4107 301 4181 Caesaream,
315 4127 423 4166 nomen
436 4107 560 4165 Domini
573 4108 666 4165 nostri
679 4109 700 4165 J
703 4127 753 4165 esu
767 4107 885 4167 Christi.

192 4189 327 4248 Gradab.

191 4269 268 4328 Haec
281 4271 350 4328 dies,

137 4348 166 4409 V.
191 4351 334 4429 Lapidem
356 4368 444 4426 quem
463 4350 694 4426 reprobaverunt
716 4351 908 4410 aedificantes:
931 4353 980 4410 hic
1001 4352 1097 4411 factus
1118 4359 1162 4412 est
1185 4353 1218 4411 in
1239 4360 1327 4434 caput

130 4432 252 4513 anguli:
275 4451 294 4489 a
308 4431 439 4489 Domino
453 4430 621 4489 factumest
634 4432 731 4490 istud:
752 4439 782 4490 et
797 4440 841 4490 est
854 4434 988 4491 mirabile
1001 4433 1034 4491 in
1047 4433 1138 4494 oculis
1151 4436 1265 4496 nostris
