2918 4986
307 337 415 403 Micca
437 337 476 402 de
499 336 656 422 (titioque
683 336 891 402 Vulneribus
912 339 996 402 Jeme
1021 338 1161 405 Olariati.

328 505 421 580 Oujua
435 503 555 561 demum
568 504 667 562 valeat
680 523 764 561 mena
778 503 826 561 vel
840 505 944 580 lingua
958 505 1023 576 fari,

367 584 521 654 Quantum
535 584 631 660 Virgo
645 585 777 641 creditur
789 586 872 642 intus
886 586 1031 658 cruciari;

367 665 449 723 Dum
463 665 559 722 cernit
568 666 632 741 jam
646 671 798 722 mortuum
812 665 891 722 latus
906 667 1067 740 vulnerari,

366 746 470 821 Atque
485 745 560 805 Nati
575 747 686 803 viscera
699 747 802 804 lancea
815 747 937 804 rimaril

327 825 440 902 Corpus
454 824 574 901 quidem
589 834 739 884 mortuum
749 828 815 902 jam
827 827 872 884 nil
884 828 1041 900 sentiebat,

368 905 426 964 Sed
438 906 545 964 militis
558 907 660 964 lancea
673 913 775 983 pectus
789 908 959 984 aperiebat:

366 988 461 1058 Quam
477 988 569 1044 fixam
584 987 616 1044 in
630 987 721 1045 latere
738 988 808 1046 Filii
822 989 952 1062 videbat,

367 1064 459 1126 Unde
472 1087 549 1143 aqua
562 1069 706 1145 sanguine
719 1069 817 1127 mixta
832 1069 978 1129 effluebat.

327 1149 377 1207 Ad
391 1148 470 1205 hunc
484 1168 553 1225 ergo
567 1168 691 1225 propera
704 1149 817 1208 fontem
831 1149 1005 1222 Salvatoris,

367 1230 413 1288 Ut
427 1229 566 1286 fluentis*
580 1231 731 1308 quippiam
748 1231 867 1288 haurias
880 1231 1011 1290 dulcoris
1019 1251 1029 1304 ;

367 1311 470 1387 Atque
485 1311 555 1368 vitae
570 1310 718 1368 lavacrum
734 1312 864 1388 pretium
877 1304 1000 1386 cruolio,

369 1390 451 1448 Hinc
465 1391 512 1448 tui
526 1391 639 1448 curatio
653 1392 781 1468 profluat
794 1392 953 1470 languoris.

329 1473 511 1548 Redemptor
524 1472 665 1543 fidelium,
680 1473 727 1530 Tu
741 1473 794 1549 qui
807 1474 849 1531 sie
864 1474 963 1544 obisti,

369 1553 428 1610 Per
441 1572 574 1610 cruorem
588 1553 747 1611 vulnerum
760 1554 796 1611 de
810 1553 852 1612 Te
866 1573 955 1630 quem
969 1554 1083 1628 fudisti,

371 1633 419 1692 Ne
433 1633 583 1710 relinquas
596 1633 744 1710 orphanos
757 1654 830 1710 quos
844 1636 886 1692 sic
900 1635 1071 1708 redemisti3

370 1714 462 1772 Mitto
476 1715 560 1772 nobie
573 1715 719 1791 Spiritum
732 1716 794 1772 tuis
807 1735 896 1792 quern
910 1716 1026 1774 dedisti

331 1797 440 1856 Sumus
453 1794 573 1871 quidem
589 1796 687 1852 miseri
701 1797 745 1853 rei
758 1804 933 1873 peccatores,

371 1878 412 1934 Et
426 1877 589 1933 multorum
603 1876 761 1934 criminum
775 1877 876 1955 magni
889 1878 1054 1949 debitorea3

373 1957 431 2016 Sed
445 1958 505 2015 sint
518 1963 572 2015 tua
585 1956 709 2015 vulnera
723 1959 828 2034 tuique
841 1958 951 2016 livores

372 2040 432 2098 Pio
445 2038 530 2096 nobis
544 2044 575 2095 et
588 2038 685 2096 hostia
698 2058 732 2095 ac
746 2040 961 2097 intercessores.

332 2121 399 2180 Rex
414 2127 522 2177 {uterne
536 2139 554 2176 a
566 2118 706 2195 gehennae
721 2119 804 2176 salva
816 2120 969 2196 supplicio,

373 2202 454 2272 Quos
468 2205 587 2276 peccato
600 2199 690 2257 solvis
704 2199 774 2257 dato
788 2206 848 2257 tuae
862 2202 968 2259 mortis
981 2201 1087 2281 pretio.

332 2285 354 2344 J
356 2303 407 2341 esu
421 2283 505 2352 bone,
520 2280 561 2337 sic
575 2279 698 2355 dispone
710 2279 815 2337 horam
829 2282 926 2340 nostri
938 2272 1093 2350 hostius,

374 2360 423 2425 Ut
435 2361 473 2420 ad
486 2361 609 2419 chorum
622 2361 808 2437 Angelorum
821 2368 924 2421 noster
936 2368 1041 2440 pergat
1054 2356 1185 2440 sph‘tus
1226 2362 1333 2421 Amen.

193 2473 358 2533 Secundum
372 2469 539 2529 Jotamom
561 2466 629 2546 (ria
648 2467 762 2544 28-35).

194 2557 233 2613 In
247 2556 298 2613 illo
312 2563 452 2631 tempore,
468 2551 569 2609 Sciens
582 2550 604 2609 J
605 2569 670 2607 estis
689 2549 760 2626 quia
775 2551 839 2624 jam
860 2550 962 2607 omnia
981 2555 1187 2609 consummata
1202 2556 1287 2611 erant
1300 2548 1335 2606 de

133 2639 196 2716 ipso
210 2657 299 2714 risque
313 2638 354 2695 ad
367 2642 398 2694 et
411 2653 515 2692 verum
528 2637 574 2690 eat
587 2630 791 2688 testimonium
805 2631 830 2706 ej
835 2650 876 2690 us,

195 2717 298 2777 Credo.

196 2799 221 2858 O
242 2800 389 2858 ier-lorium.

196 2800 428 2939 I'isurrexerunt
445 2877 478 2933 in
492 2895 539 2933 me
553 2873 611 2931 riri
625 2872 738 2948 iniqui:
759 2879 790 2929 et
803 2873 914 2949 absque
934 2873 1136 2931 misericordia
1157 2874 1336 2949 quaesierunt

135 2983 182 3021 me
195 2964 376 3021 interlicere:
396 2968 426 3017 et
440 2978 500 3015 non
515 2959 707 3033 pepercerunt
721 2953 753 3010 in
766 2953 871 3010 faeiem
881 2973 977 3011 meam
991 2954 1267 3030 spue1e,etlanceis
1280 2953 1337 3011 suis

135 3045 367 3102 vulneraverunt
380 3061 435 3112 me,
452 3045 482 3097 et
496 3055 636 3096 concussa
649 3040 719 3091 suut
733 3034 833 3090 omnia
847 3053 912 3092 ossa
925 3054 998 3092 mea

197 3125 316 3184 Secreta.

196 3208 324 3264 Domine
337 3207 359 3266 J
361 3224 412 3263 esu
427 3200 554 3270 Christe,
568 3197 620 3274 qui
633 3215 687 3273 pro
703 3195 808 3253 mundi
829 3195 1033 3272 redemptione
1053 3196 1148 3254 crucis
1168 3196 1286 3273 lignum
1298 3217 1339 3254 as-

136 3289 270 3359 cendisti,
284 3295 319 3345 ut
332 3288 488 3344 universus
500 3279 638 3341 mundus,
652 3276 704 3352 qui
719 3277 751 3333 in
764 3276 894 3334 tenebris
908 3283 980 3346 erat,
995 3277 1235 3350 illuminaretur3
1249 3279 1337 3348 illam,

137 3388 313 3444 quaesumus,
334 3370 431 3426 lucem
444 3366 477 3421 in
490 3361 603 3420 animas
621 3366 737 3416 nostras
756 3365 787 3415 et
806 3376 928 3434 corpora
948 3366 1050 3415 nostra
1070 3377 1186 3434 semper
1208 3359 1338 3426 infunde,

136 3467 189 3526 per
202 3470 292 3527 quam
305 3450 343 3507 ad
356 3455 498 3505 aeternam
511 3443 606 3500 lucem
620 3438 773 3518 pervenire
787 3458 959 3497 mereamur.
996 3438 1056 3496 Per
1069 3439 1244 3498 Dominum.
1283 3439 1340 3510 Qui

138 3530 215 3588 vivis
229 3537 259 3589 et
272 3550 376 3607 regnas
389 3547 457 3586 cum
471 3525 544 3581 Deo.

199 3611 348 3687 Proefieio.
392 3609 453 3679 Qui
466 3605 599 3664 salutern.

200 3692 381 3750 Conone-nio.

199 3773 352 3830 Foderunt
365 3788 471 3829 manus
484 3786 564 3825 meas
577 3773 609 3825 et
621 3762 709 3842 pedes
723 3782 819 3822 meos:
841 3770 872 3820 et
884 3762 1150 3821 dinumeraverunt
1163 3764 1267 3820 omnia
1280 3782 1342 3821 ossa

138 3868 211 3912 urea

203 3932 440 3992 I‘oalcommuuio.

203 4014 329 4072 lloruino
342 4015 364 4072 J
366 4034 417 4071 esu
436 4010 562 4080 Clu-iste,
582 4010 634 4086 qui
653 4007 727 4064 hora
747 4006 806 4064 diei
826 4013 912 4064 sexta
935 4026 987 4083 pro
1012 4005 1216 4080 redemptione
1241 4005 1343 4062 mundi

139 4095 233 4150 crucis
247 4095 414 4169 patibulum
428 4090 593 4153 ascendisti.
603 4087 814 4162 etsrurguineui
826 4095 913 4145 tuum
923 4087 1085 4164 pretiosum
1095 4088 1128 4143 in
1142 4087 1343 4145 remissionem

139 4181 324 4245 peccatorum
352 4181 521 4232 nostrorum
548 4171 670 4241 siulisti;
700 4176 730 4226 te
754 4169 909 4227 humiliter
933 4168 1133 4244 deprecamur,
1157 4177 1191 4224 ut
1212 4188 1265 4245 per
1285 4175 1342 4224 tua·¹

208 4253 283 4311 iouis
307 4261 337 4312 ot
361 4255 519 4311 rulueruru
543 4258 662 4308 tuorum
688 4250 802 4319 merita,
829 4256 895 4326 post
918 4249 1033 4308 obitum
1058 4255 1194 4306 nostrum
1218 4247 1343 4325 paradisi

135 4265 261 4436 {alliam
278 4335 441 4409 gaudenter
461 4333 585 4391 iul-roilo
606 4352 778 4389 rucruuuuu:
823 4333 882 4400 Qui
904 4331 979 4389 viris
1003 4338 1034 4388 et
1055 4351 1159 4408 regnas
1180 4351 1249 4388 cum
1271 4331 1340 4387 Deo.

158 4410 318 4472 minitata

626 4493 638 4516 l'
656 4491 733 4535 lidd-
748 4490 842 4535 llllrule.
