2918 4986
431 319 480 384 In
500 317 632 403 Vipilin
646 315 849 383 Nativitatis
863 315 1015 383 Domini.

459 510 499 568 Iu
514 510 644 568 Vicum
659 509 861 568 Nar1v1rsr1s
876 509 1005 568 Donrru.

187 643 237 701 Aa
249 640 382 701 Missam.
427 641 567 717 officiunt.

184 723 285 782 Hodie
305 722 403 781 scietis
419 722 490 799 quia
503 722 603 780 veniet
617 721 771 794 Dominus,
788 726 819 779 et
832 719 958 779 salvabit
972 739 1031 792 vos,
1047 726 1078 778 et
1091 739 1178 778 mane
1192 719 1333 778 videbitis

123 804 249 884 gloriam
263 804 333 881 ejus.

185 885 331 944 Paniscus.

186 964 310 1023 Domini
330 969 376 1023 est
395 969 476 1023 terra
497 969 527 1022 et
547 963 701 1042 plenitudo
721 962 801 1040 ejus:
823 961 903 1021 orbis
916 969 1073 1034 terrarum,
1087 969 1118 1020 et
1132 960 1264 1021 universi
1276 961 1329 1039 qui

123 1047 262 1106 habitant
276 1045 308 1104 in
322 1065 364 1104 eo.

187 1127 290 1186 Gloria
303 1125 395 1184 Patri.
439 1124 539 1184 Hodie
552 1125 657 1184 scietis.

189 1205 307 1289 [Kyrie,
328 1206 463 1280 Sanctus,
484 1215 511 1266 et
524 1205 631 1284 Agnus
642 1205 800 1281 ferialiter,
821 1206 881 1263 nisi
898 1204 1055 1264 Docnirtiea
1066 1205 1173 1280 feurit,
1193 1214 1227 1263 at
1248 1204 1331 1280 infru

126 1287 365 1348 notatum—MS.
381 1284 433 1367 D.]

189 1368 297 1428 Orutrh.

189 1450 281 1521 Deus,
304 1448 357 1526 qni
383 1467 437 1506 nos
464 1448 673 1525 redemptionis
700 1453 806 1505 nostrae
834 1466 933 1505 annua
960 1446 1164 1524 expectatione
1192 1446 1330 1519 laetificas,

126 1536 242 1610 praesta,
256 1536 292 1588 ut
305 1529 503 1607 Unigenitum
523 1535 611 1587 tuum
632 1548 719 1604 quem
738 1528 955 1604 redemptorem
975 1527 1038 1586 laeti
1056 1528 1236 1604 suscipimus,
1252 1529 1334 1585 veni-

126 1619 227 1671 entem
257 1629 374 1687 quoque
399 1610 532 1687 judicem
566 1611 660 1669 securi
686 1609 846 1681 videamus,
875 1609 1039 1666 Dominum
1066 1615 1200 1667 nostrum
1227 1608 1332 1667 Jeeum

128 1691 291 1764 Christum,
306 1691 417 1748 Filium
431 1696 537 1764 tuum;
557 1691 617 1760 Qui
630 1697 736 1749 tecum.

189 1771 333 1831 Memorio
345 1791 406 1830 non
418 1771 534 1830 distin

191 1850 349 1934 [Sequatur
361 1852 457 1911 Lectio
470 1853 506 1910 ab
520 1873 580 1910 uno
600 1854 635 1911 de
655 1850 815 1929 majoribus
828 1851 961 1928 personia
975 1850 1113 1923 Ecclesiae,
1129 1860 1155 1908 et
1170 1849 1283 1926 loqutus
1296 1851 1329 1907 ia.

129 1933 335 2011 sirpiarpelliceo
347 1933 383 1990 in
395 1933 488 1991 medio
503 1931 591 1992 Ultori
605 1953 670 1991 cum
684 1953 736 1990 auo
752 1932 951 1990 titula-MS.
969 1929 1021 2012 D.]

190 2014 286 2074 Lectio
300 2013 399 2071 Esaiae
413 2013 564 2090 Prophetae
577 2013 654 2091 (tati.
674 2014 720 2070 1-4
721 2014 746 2092 )

162 2188 169 2202 ι
191 2106 265 2201 Haec
285 2105 357 2165 dicit
378 2105 526 2165 Dominus
546 2106 648 2178 Deus;
675 2105 801 2183 Propter
823 2105 894 2163 Sion
914 2126 1005 2182 aspa-c
1025 2106 1065 2164 ad
1085 2104 1261 2183 complacuit
1276 2105 1335 2162 Do·

130 2192 318 2349 mmeliivide
332 2268 393 2326 sine
406 2267 557 2326 intervallo
570 2267 701 2343 sequitur
714 2267 849 2344 Epistola
862 2267 896 2324 in
909 2268 1004 2325 eodeni
1018 2264 1253 2347 loco.-MS.D.]

192 2349 241 2407 Ad
255 2348 402 2407 Romanoa
415 2347 451 2422 (i.
471 2348 543 2426 1-6)

191 2430 328 2488 Fratres:
352 2428 472 2501 Paulus,
494 2448 596 2487 servus
618 2429 692 2488 Jesu
715 2428 827 2487 Christi
851 2430 1004 2505 usquead
1025 2435 1055 2488 et
1073 2448 1125 2488 vos
1143 2428 1241 2487 vocati
1260 2428 1335 2487 -Jesu

132 2510 245 2570 Christi
258 2509 382 2567 Domini
395 2509 496 2568 nostri.

193 2590 319 2650 (tradate
334 2587 382 2671 [ab
395 2610 456 2648 uno
464 2611 557 2666 puero
570 2591 604 2648 in
617 2591 710 2649 aredio
725 2590 814 2650 Obori
832 2600 971 2662 cantetur,
986 2591 1047 2648 arisi
1059 2590 1216 2649 Dominicis
1227 2588 1334 2664 suerit,

133 2672 204 2747 quia
219 2681 288 2730 tune
301 2671 411 2729 dicitwr
424 2691 444 2730 a
456 2672 569 2730 duobus
582 2672 616 2729 in
624 2671 858 2748 pulpita-MS.
870 2669 923 2752 D.]

194 2763 294 2822 Hodie
307 2763 410 2822 scietis·
418 2763 488 2841 quia
500 2764 601 2822 veniet
615 2764 763 2822 Dominus
777 2770 808 2822 et
821 2763 948 2822 salvabit
961 2784 1031 2822 nos:
1054 2770 1083 2822 et
1097 2783 1182 2822 mane
1196 2762 1336 2820 videbitis

132 2845 255 2923 gloriam
270 2844 340 2922 ejus.

141 2938 170 2999 V.
194 2938 253 3009 Qui
267 2937 343 3016 regis
357 2937 457 3012 Israel,
474 2938 612 2997 intende:
632 2938 684 3015 qui
699 2938 817 2995 deducis
828 2937 911 2995 velut
924 2956 1009 2995 ovem
1019 2937 1040 2996 J
1041 2937 1138 3014 oseph.
1182 2936 1241 3007 Qui
1255 2936 1337 2994 sedes

134 3051 226 3109 super.
235 3030 394 3104 Cherubin,
409 3050 516 3108 appare
530 3051 627 3089 coram
642 3030 792 3107 Ephraim,
809 3030 973 3105 Benjamin,
990 3035 1020 3088 et
1035 3029 1179 3087 Manassc.

197 3111 322 3170 Gradak
335 3121 488 3188 repetatur.
531 3111 566 3170 Si
579 3112 617 3170 sit
631 3111 795 3182 Dominicct,
811 3111 958 3186 Alleluya.

145 3205 171 3265 V.
194 3204 330 3300 Crastina
344 3205 390 3264 die
404 3205 550 3264 delebitur
563 3204 704 3281 iniquitas
717 3209 802 3262 terrae
815 3225 821 3261 :
842 3209 873 3261 ct
886 3202 1021 3281 regnabit
1034 3222 1123 3280 super
1136 3221 1187 3260 vos
1201 3201 1339 3261 Salvator

136 3287 247 3449 mliii
260 3366 453 3443 Evaaqeiium
458 3365 550 3442 juxta
563 3366 664 3424 ditare
678 3364 904 3441 ispania-MS.
922 3362 974 3445 D.]

196 3458 362 3520 Semtndnm
375 3459 414 3516 M
411 3459 549 3517 attltaeanu
562 3459 598 3537 (i.
618 3459 730 3538 18-21).

198 3552 237 3611 In
249 3552 302 3612 illo
316 3557 456 3629 tempore,
473 3551 547 3610 (lum
562 3557 638 3610 esset
651 3553 825 3629 desponsata
838 3571 928 3626 usqae
942 3551 982 3610 ud
995 3570 1013 3608 a
1026 3551 1152 3628 peccatis
1165 3571 1274 3611 eorum.

199 3633 389 3707 offertorium.

197 3714 305 3773 Tollite
318 3719 425 3791 portas,
440 3714 594 3792 principes,
606 3718 736 3773 vestras:
757 3719 788 3772 et
801 3712 958 3772 elevamini
971 3718 1063 3790 portae
1077 3712 1237 3785 eternales,
1253 3719 1284 3772 et
1297 3714 1341 3770 in-

147 3794 242 3854 troibit
255 3814 309 3854 rex
322 3795 430 3874 gloriae.

198 3874 318 3936 Secreto.

201 3956 248 4015 Da
261 3955 353 4028 nobis,
368 3976 541 4035 quaesumus,
558 3957 743 4035 omnipotens
757 3957 858 4016 Deus:
886 3963 921 4014 ut
938 3955 1015 4014 sicut
1032 3955 1180 4015 adoranda
1201 3955 1272 4013 Filii
1295 3955 1341 4013 tui

148 4037 498 4177 patahtiadpraevenimus,
515 4039 556 4096 sic
576 4039 638 4116 ejus
656 4058 779 4096 munera
802 4037 950 4115 capiamus
973 4037 1150 4114 sempiterna
1171 4036 1338 4115 gaudentcs.

171 4135 200 4176 er
218 4138 275 4177 eun
297 4138 351 4177 em.

202 4196 380 4260 Ommvunrb.

202 4278 396 4340 Revelabitur
408 4281 502 4358 gloria
512 4281 653 4341 Domini:
676 4286 706 4340 et
716 4280 828 4340 videbit
843 4280 938 4341 omnis
951 4301 1019 4340 caro
1032 4280 1160 4338 salutare
1171 4277 1229 4337 Dei
1238 4277 1342 4336 nostri.

201 4359 441 4422 Postoormnanio.

202 4439 250 4501 Da
263 4441 356 4517 nobis,
372 4442 509 4518 Domine,
524 4463 697 4521 quaesumus,
713 4443 872 4523 Unigeniti
886 4443 956 4502 Filii
969 4443 1016 4501 tui
1030 4441 1172 4502 recensita
1186 4439 1348 4499 nativitate¹
