2918 4986
485 352 589 418 Peric
609 375 636 418 o.
655 359 731 439 poet
752 354 971 419 Pentecosten.
1267 356 1332 424 157

126 520 228 580 Ovans
249 521 348 578 anima
369 540 449 578 mmc
469 528 571 580 nostra
591 522 661 578 boat
685 520 816 578 carmina
835 521 942 579 devota
962 540 1020 597 quo
1041 521 1180 598 suscipiat
1204 522 1332 580 caelestia

208 601 383 660 habitacula.

123 682 242 760 Pangat
253 682 347 740 omnis
358 683 466 740 chorda
475 689 576 741 nostre
585 683 703 740 sancta*
713 682 859 759 praeconia
872 688 932 755 tua,
945 689 979 739 ut
993 702 1108 760 semper
1121 683 1171 760 pia
1184 683 1329 761 percipiat

208 764 390 821 charismata.

124 845 253 902 Omnem
272 845 347 902 hanc
360 864 471 902 meram
486 845 598 920 suscipe
615 844 779 917 melodiam,
795 848 830 900 ut
848 864 989 921 queamus
1005 845 1143 902 scandere
1161 844 1281 902 luciflue.
1299 852 1330 903 et

208 931 262 983 tua
275 927 350 982 celsa
364 932 394 983 et
409 926 512 982 decora
525 926 652 982 uranica.

124 1006 251 1064 Dudum'
275 1012 387 1063 sacrata
410 1007 544 1063 imbuisti
566 1015 684 1082 pectora
695 1025 703 1077 3
731 1025 811 1062 nunc
835 1025 889 1062 nos
911 1006 991 1082 reple
1015 1006 1136 1080 lumine,
1156 1007 1327 1083 polorumve

207 1087 314 1163 gaudia
328 1087 412 1145 cedas
425 1093 566 1163 perpetua
579 1093 668 1163 atque
682 1106 779 1162 regna.

125 1168 169 1226 Te
182 1168 267 1225 decet
279 1168 343 1225 laus
356 1188 409 1244 per
422 1174 554 1243 tempore.
567 1174 597 1225 et
611 1167 704 1243 gloria
717 1166 838 1237 siderea,
853 1167 879 1224 Ο
895 1167 1036 1225 Sanctum
1051 1168 1193 1226 Pneuma.

125 1249 173 1306 Tu
187 1249 300 1306 animm
314 1255 343 1306 et
357 1268 478 1325 corpora
490 1254 599 1320 nostra,
617 1247 740 1316 Christe,
756 1248 902 1323 possideas
916 1248 949 1304 in
962 1248 1141 1323 sempiterna
1154 1250 1239 1307 doxa.

187 1329 278 1388 Penio
298 1329 408 1404 quinto.
451 1328 606 1403 Sequentia
625 1329 717 1385 Alma
737 1328 850 1401 chorae,
866 1337 899 1384 nt
919 1348 1010 1404 sceptu
1030 1328 1121 1386 Feric
1141 1330 1172 1386 ii.
1197 1328 1253 1410 [oet
1272 1331 1329 1389 istc

125 1409 290 1486 Sequentia,
306 1410 384 1467 Laus
393 1409 639 1485 jucunda—MS.
656 1406 703 1488 0.]

187 1506 351 1566 Secundcnn
365 1508 530 1566 Jotcunen
547 1508 602 1582 (ci.
619 1506 734 1583 44-52).

187 1589 227 1646 In
249 1589 301 1646 illo
324 1595 464 1665 tempore,
487 1588 576 1645 Dixit
599 1588 687 1644 desus
708 1585 858 1662 discipulis
881 1586 940 1644 suis
965 1593 995 1643 et
1014 1587 1111 1644 turbis
1133 1586 1307 1645 Judaeorum
1318 1610 1329 1661 3

125 1669 224 1727 Nemo
237 1676 334 1745 potest
347 1670 448 1726 venire
462 1669 499 1726 ad
516 1689 570 1740 me,
587 1669 646 1725 nisi
667 1668 756 1726 Pater
771 1688 861 1742 usquc
875 1668 915 1724 nd
929 1673 958 1724 et
972 1668 1057 1744 panis
1071 1687 1156 1744 quem
1173 1689 1226 1744 ego
1240 1670 1324 1742 dabo,

125 1769 193 1808 caro
207 1771 272 1807 mea
286 1757 330 1808 est
342 1770 396 1826 pro
409 1750 515 1807 mundi
527 1751 597 1809 vita.

189 1830 378 1905 Offertoriunc.
421 1831 461 1888 In
474 1831 522 1888 die
536 1829 741 1887 sollemnitatis
750 1835 855 1886 vestrae
870 1829 942 1886 dicit
956 1829 1112 1902 Dominus,
1123 1829 1261 1887 inducam
1275 1851 1327 1888 vos

125 1911 159 1968 in
172 1917 282 1969 terram
294 1912 434 1969 fluentem
448 1911 492 1968 lac
507 1910 616 1983 etmel,
632 1910 769 1985 alleluya.

186 1993 304 2052 Secreto.
348 1993 475 2068 Suscipe,
498 2011 673 2068 quaesumus,
689 1990 826 2063 Domine,
841 2010 950 2047 munus
970 1990 1103 2047 oblatum
1123 1998 1153 2048 et
1171 1992 1328 2068 dignanter

126 2093 253 2150 operare,
280 2080 315 2131 ut
342 2074 420 2149 quod
447 2073 595 2149 mysteriis
622 2073 735 2149 agimus
761 2073 830 2148 piis,
845 2072 999 2129 affectibus
1026 2072 1212 2130 celebremus
1269 2073 1329 2132 Per

127 2154 297 2212 Dominum.

185 2234 333 2309 Proesetio.
378 2234 437 2303 Qui
450 2234 614 2292 ascendens.
658 2233 922 2292 communicantes.

189 2315 368 2373 Ooncncunio.

186 2396 293 2453 Pacem
317 2416 412 2454 meam
436 2396 473 2453 do
497 2397 588 2466 vobis,
613 2395 757 2472 alleluya:
788 2415 889 2472 pacem
913 2395 1047 2470 relinquo
1071 2396 1164 2468 vobis,
1189 2394 1324 2472 alleluya,

127 2475 259 2552 alleluya.

186 2558 425 2616 Postconencunio.

186 2639 349 2710 Sumentes,
362 2638 499 2710 Domine,
512 2638 638 2696 caelestia
648 2641 836 2709 sacramenta,
850 2656 1016 2712 quaesumus
1030 2636 1215 2694 clementiam
1228 2644 1327 2709 tuam;

127 2724 161 2775 ut
187 2720 265 2794 quod
296 2719 497 2796 temporaliter
527 2721 662 2795 gerimus,
695 2718 813 2776 aeternis
844 2717 959 2794 gaudiis
991 2736 1210 2794 consequamur.
1268 2719 1327 2776 Per

128 2799 296 2857 Dominum.

597 2904 696 2961 Furem
717 2905 847 2974 Quium.

187 2984 325 3060 Officium.
768 3035 773 3044 .

185 3067 314 3142 Spiritus
334 3066 463 3139 Domini,
476 3075 510 3124 ut
523 3067 557 3123 in
565 3067 668 3142 princes
682 3066 756 3128 diet
796 3066 837 3122 Et
850 3065 1013 3122 notandum
1030 3065 1107 3138 qnod
1120 3063 1154 3120 in
1166 3063 1213 3120 leis
1233 3064 1326 3122 trihus

127 3146 233 3219 diebus,
248 3148 351 3206 scilicet
370 3148 460 3205 Ferio
480 3148 592 3222 quinto,
608 3156 693 3218 centu,
710 3156 735 3204 et
748 3145 881 3217 Sutbuto,
899 3144 1031 3221 Officium
1044 3153 1110 3202 onte
1125 3144 1227 3202 Gloria
1241 3144 1325 3202 Patri

127 3237 271 3303 repetetur
286 3226 322 3308 [et
338 3228 463 3287 Grudcte
471 3237 538 3304 post
558 3227 779 3286 Versum—MS.
796 3225 846 3306 D].

188 3309 295 3367 Oratio.

186 3389 306 3462 Praesta,
319 3410 493 3467 quaesumus,
506 3391 691 3466 omnipotens
701 3396 730 3446 et
741 3389 903 3447 misericors
914 3389 1003 3459 Deus,
1016 3394 1051 3444 ut
1060 3387 1184 3444 Sanctus
1196 3386 1324 3463 Spiritus

125 3470 282 3528 adveniens
296 3471 438 3548 templum
452 3491 505 3528 nos
519 3472 617 3547 gloriae
632 3491 690 3527 suae
705 3472 861 3547 dignanter
877 3469 1070 3526 inhabitando
1085 3468 1223 3546 perficiat.
1251 3532 1253 3536 ⁸
1267 3468 1325 3526 Per
1403 3534 1406 3540 ,

126 3550 294 3608 Dominum.
338 3552 376 3609 In
390 3553 505 3609 unitate
519 3551 648 3627 ejusdem
662 3552 751 3609 Deus.
1220 3579 1222 3584 ⁸

184 3633 279 3690 Lectio
293 3633 421 3690 Actuunc
434 3633 635 3708 Apostolorum
653 3633 732 3707 (ciii.
750 3633 798 3689 5-8
800 3635 829 3707 )

185 3713 224 3769 In
237 3714 339 3771 diebus
352 3715 428 3780 illus,
443 3713 599 3789 Philippus
620 3714 795 3771 descendens
808 3714 840 3770 in
855 3713 1006 3770 civitatem
1028 3711 1166 3770 Samaria
1180 3732 1270 3787 usque
1285 3712 1325 3769 cd

124 3794 264 3870 gaudium
278 3814 418 3872 magnum
432 3795 463 3851 in
477 3794 529 3851 illa
543 3794 670 3851 civitate.

184 3874 333 3951 Alleluya.
383 3875 411 3934 V.
435 3876 555 3933 Emitte.
681 3924 683 3928 ,
698 3876 701 3882 ’

183 3955 332 4033 Alleluya.
381 3957 410 4014 V.
434 3957 560 4032 Spiritus
574 3955 745 4013 Paraclitus.

183 4051 346 4128 Sequentia.

1003 3952 1013 3981 i

485 4133 588 4209 Lausss
605 4133 734 4209 jocunda
747 4132 802 4188 lux
815 4131 946 4207 insignis,

487 4214 553 4283 Qua
566 4215 602 4271 de
616 4214 723 4271 throno
736 4214 842 4270 missus
856 4213 932 4289 ignis

524 4296 563 4352 In
577 4295 689 4352 Christi
702 4294 865 4371 discipulos.

388 4445 400 4473 *¹
412 4443 556 4490 Om.-Eou
704 4442 717 4502 †
732 4440 785 4486 MS.
801 4441 876 4486 B-in
886 4441 921 4486 die
932 4439 1057 4486 Dominico.

281 4503 294 4564 ss
306 4503 338 4549 So
349 4502 420 4552 MSS.
434 4503 480 4547 and
496 4503 556 4548 Edd.
588 4503 618 4548 In
629 4503 715 4550 Sarum
726 4501 874 4546 Edu-Lux
883 4500 990 4559 jocunda,
1003 4499 1047 4543 lux
1056 4495 1168 4554 insignis.
