<?xml version="1.0" encoding="UTF-8"?>
<!DOCTYPE html PUBLIC "-//W3C//DTD XHTML 1.0 Transitional//EN"
    "http://www.w3.org/TR/xhtml1/DTD/xhtml1-transitional.dtd">
<html xmlns="http://www.w3.org/1999/xhtml" xml:lang="en" lang="en">
 <head>
  <title>
</title>
<meta http-equiv="Content-Type" content="text/html;charset=utf-8" />
  <meta name='ocr-system' content='tesseract 3.04.00' />
  <meta name='ocr-capabilities' content='ocr_page ocr_carea ocr_par ocr_line ocrx_word'/>
</head>
<body>
  <div class='ocr_page' id='page_1' title='image "./missaleadusumin03churgoog_0063.png"; bbox 0 0 2886 4994; ppageno 0'>
   <div class='ocr_carea' id='block_1_1' title="bbox 120 378 1091 466">
    <p class='ocr_par' dir='ltr' id='par_1_1' title="bbox 120 378 1091 466">
     <span class='ocr_line' id='line_1_1' title="bbox 120 378 1091 466; baseline 0 -20"><span class='ocrx_word' id='word_1_1' title='bbox 120 388 161 446; x_wconf 89' lang='lat'><strong>10</strong></span> <span class='ocrx_word' id='word_1_2' title='bbox 350 379 492 448; x_wconf 79' lang='lat' dir='ltr'><strong>Sabbcto</strong></span> <span class='ocrx_word' id='word_1_3' title='bbox 509 378 676 462; x_wconf 76' lang='lat' dir='ltr'><strong>Quattuor</strong></span> <span class='ocrx_word' id='word_1_4' title='bbox 691 381 894 466; x_wconf 68' lang='lat' dir='ltr'><strong>temporam</strong></span> <span class='ocrx_word' id='word_1_5' title='bbox 908 381 1091 448; x_wconf 75' lang='lat' dir='ltr'><strong>Advectos.</strong></span> 
     </span>
    </p>
   </div>
   <div class='ocr_carea' id='block_1_2' title="bbox 117 547 1347 2244">
    <p class='ocr_par' dir='ltr' id='par_1_2' title="bbox 120 547 1327 705">
     <span class='ocr_line' id='line_1_2' title="bbox 176 547 1327 625; baseline 0.005 -21"><span class='ocrx_word' id='word_1_6' title='bbox 176 549 246 606; x_wconf 82' lang='lat' dir='ltr'><strong>llaec</strong></span> <span class='ocrx_word' id='word_1_7' title='bbox 260 548 356 606; x_wconf 75' lang='lat' dir='ltr'><strong>Lectio</strong></span> <span class='ocrx_word' id='word_1_8' title='bbox 376 569 493 623; x_wconf 77' lang='lat' dir='ltr'><strong>aequem</strong></span> <span class='ocrx_word' id='word_1_9' title='bbox 513 548 626 624; x_wconf 73' lang='lat' dir='ltr'><strong>leqotur</strong></span> <span class='ocrx_word' id='word_1_10' title='bbox 646 550 680 606; x_wconf 81' lang='lat' dir='ltr'><strong>in</strong></span> <span class='ocrx_word' id='word_1_11' title='bbox 699 549 792 607; x_wconf 67' lang='lat' dir='ltr'><strong>aredio</strong></span> <span class='ocrx_word' id='word_1_12' title='bbox 807 547 896 608; x_wconf 75' lang='lat' dir='ltr'><strong>Ultori</strong></span> <span class='ocrx_word' id='word_1_13' title='bbox 914 549 950 607; x_wconf 83' lang='lat' dir='ltr'><strong>ab</strong></span> <span class='ocrx_word' id='word_1_14' title='bbox 963 549 1064 625; x_wconf 51' lang='lat' dir='ltr'><strong>alteus</strong></span> <span class='ocrx_word' id='word_1_15' title='bbox 1086 549 1202 608; x_wconf 83' lang='lat' dir='ltr'><strong>Vicario</strong></span> <span class='ocrx_word' id='word_1_16' title='bbox 1215 550 1327 610; x_wconf 76' lang='lat' dir='ltr'><strong>seniori</strong></span> 
     </span>
     <span class='ocr_line' id='line_1_3' title="bbox 120 629 721 705; baseline 0.003 -19"><span class='ocrx_word' id='word_1_17' title='bbox 120 631 152 686; x_wconf 78' lang='lat' dir='ltr'><strong>irc</strong></span> <span class='ocrx_word' id='word_1_18' title='bbox 165 629 370 705; x_wconf 76' lang='lat' dir='ltr'><strong>Superpeliicio</strong></span> <span class='ocrx_word' id='word_1_19' title='bbox 385 638 410 686; x_wconf 89' lang='lat' dir='ltr'><strong>et</strong></span> <span class='ocrx_word' id='word_1_20' title='bbox 425 629 509 704; x_wconf 76' lang='lat' dir='ltr'><strong>Ospa</strong></span> <span class='ocrx_word' id='word_1_21' title='bbox 521 631 610 687; x_wconf 78' lang='lat' dir='ltr'><strong>rubea</strong></span> <span class='ocrx_word' id='word_1_22' title='bbox 623 631 721 688; x_wconf 69' lang='lat' dir='ltr'><strong>serica.</strong></span> 
     </span>
    </p>

    <p class='ocr_par' dir='ltr' id='par_1_3' title="bbox 178 709 797 787">
     <span class='ocr_line' id='line_1_4' title="bbox 178 709 797 787; baseline 0.005 -21"><span class='ocrx_word' id='word_1_23' title='bbox 178 709 274 767; x_wconf 77' lang='lat' dir='ltr'><strong>Lectio</strong></span> <span class='ocrx_word' id='word_1_24' title='bbox 288 709 424 766; x_wconf 80' lang='lat' dir='ltr'><strong>Danielis</strong></span> <span class='ocrx_word' id='word_1_25' title='bbox 438 709 588 785; x_wconf 72' lang='lat' dir='ltr'><strong>Prophetes</strong></span> <span class='ocrx_word' id='word_1_26' title='bbox 603 712 664 787; x_wconf 78' lang='lat' dir='ltr'><strong>(tii.</strong></span> <span class='ocrx_word' id='word_1_27' title='bbox 682 711 797 787; x_wconf 83' lang='lat'><strong>49-51).</strong></span> 
     </span>
    </p>

    <p class='ocr_par' dir='ltr' id='par_1_4' title="bbox 117 791 1326 1414">
     <span class='ocr_line' id='line_1_5' title="bbox 177 791 1325 869; baseline 0.003 -21"><span class='ocrx_word' id='word_1_28' title='bbox 177 791 312 867; x_wconf 81' lang='lat' dir='ltr'>Angelus</span> <span class='ocrx_word' id='word_1_29' title='bbox 325 791 448 848; x_wconf 89' lang='lat' dir='ltr'><strong>Domini</strong></span> <span class='ocrx_word' id='word_1_30' title='bbox 468 791 619 849; x_wconf 87' lang='lat' dir='ltr'><strong>descendit</strong></span> <span class='ocrx_word' id='word_1_31' title='bbox 638 811 706 849; x_wconf 89' lang='lat' dir='ltr'><strong>cum</strong></span> <span class='ocrx_word' id='word_1_32' title='bbox 719 793 830 850; x_wconf 80' lang='lat' dir='ltr'><strong>Azania</strong></span> <span class='ocrx_word' id='word_1_33' title='bbox 847 797 878 848; x_wconf 90' lang='lat' dir='ltr'><strong>et</strong></span> <span class='ocrx_word' id='word_1_34' title='bbox 896 791 982 850; x_wconf 89' lang='lat' dir='ltr'><strong>sociis</strong></span> <span class='ocrx_word' id='word_1_35' title='bbox 996 794 1059 869; x_wconf 83' lang='lat' dir='ltr'><strong>ejus</strong></span> <span class='ocrx_word' id='word_1_36' title='bbox 1073 792 1105 851; x_wconf 90' lang='lat' dir='ltr'><strong>in</strong></span> <span class='ocrx_word' id='word_1_37' title='bbox 1119 793 1279 866; x_wconf 81' lang='lat' dir='ltr'>fornacem,</span> <span class='ocrx_word' id='word_1_38' title='bbox 1295 800 1325 852; x_wconf 93' lang='lat' dir='ltr'><strong>et</strong></span> 
     </span>
     <span class='ocr_line' id='line_1_6' title="bbox 117 871 1326 950; baseline 0.002 -21"><span class='ocrx_word' id='word_1_39' title='bbox 117 871 246 929; x_wconf 78' lang='lat' dir='ltr'><strong>excussit</strong></span> <span class='ocrx_word' id='word_1_40' title='bbox 259 871 408 928; x_wconf 83' lang='lat' dir='ltr'><strong>flammam</strong></span> <span class='ocrx_word' id='word_1_41' title='bbox 422 872 500 947; x_wconf 87' lang='lat' dir='ltr'><strong>ignis</strong></span> <span class='ocrx_word' id='word_1_42' title='bbox 513 872 550 931; x_wconf 87' lang='lat' dir='ltr'><strong>de</strong></span> <span class='ocrx_word' id='word_1_43' title='bbox 560 872 685 943; x_wconf 87' lang='lat' dir='ltr'><strong>fornace,</strong></span> <span class='ocrx_word' id='word_1_44' title='bbox 695 879 726 930; x_wconf 92' lang='lat' dir='ltr'><strong>ct</strong></span> <span class='ocrx_word' id='word_1_45' title='bbox 735 872 806 931; x_wconf 89' lang='lat' dir='ltr'><strong>fecit</strong></span> <span class='ocrx_word' id='word_1_46' title='bbox 820 873 950 932; x_wconf 91' lang='lat' dir='ltr'><strong>medium</strong></span> <span class='ocrx_word' id='word_1_47' title='bbox 964 874 1091 932; x_wconf 81' lang='lat' dir='ltr'><strong>fornacis</strong></span> <span class='ocrx_word' id='word_1_48' title='bbox 1103 875 1189 950; x_wconf 88' lang='lat' dir='ltr'><strong>quasi</strong></span> <span class='ocrx_word' id='word_1_49' title='bbox 1200 883 1326 932; x_wconf 84' lang='lat' dir='ltr'><strong>ventum</strong></span> 
     </span>
     <span class='ocr_line' id='line_1_7' title="bbox 118 951 1326 1032; baseline 0.004 -23"><span class='ocrx_word' id='word_1_50' title='bbox 118 953 192 1009; x_wconf 90' lang='lat' dir='ltr'><strong>roris</strong></span> <span class='ocrx_word' id='word_1_51' title='bbox 205 951 333 1010; x_wconf 87' lang='lat' dir='ltr'><strong>flantem.</strong></span> <span class='ocrx_word' id='word_1_52' title='bbox 378 952 513 1009; x_wconf 86' lang='lat' dir='ltr'><strong>Flamma</strong></span> <span class='ocrx_word' id='word_1_53' title='bbox 526 961 625 1012; x_wconf 88' lang='lat' dir='ltr'><strong>autem</strong></span> <span class='ocrx_word' id='word_1_54' title='bbox 639 953 746 1011; x_wconf 85' lang='lat' dir='ltr'><strong>diffusa</strong></span> <span class='ocrx_word' id='word_1_55' title='bbox 758 959 803 1011; x_wconf 88' lang='lat' dir='ltr'><strong>est</strong></span> <span class='ocrx_word' id='word_1_56' title='bbox 817 974 904 1031; x_wconf 87' lang='lat' dir='ltr'><strong>super</strong></span> <span class='ocrx_word' id='word_1_57' title='bbox 916 955 1065 1012; x_wconf 78' lang='lat' dir='ltr'><strong>fornacem</strong></span> <span class='ocrx_word' id='word_1_58' title='bbox 1079 956 1187 1013; x_wconf 85' lang='lat' dir='ltr'><strong>cubitis</strong></span> <span class='ocrx_word' id='word_1_59' title='bbox 1202 957 1326 1032; x_wconf 86' lang='lat' dir='ltr'><strong>quadra-</strong></span> 
     </span>
     <span class='ocr_line' id='line_1_8' title="bbox 117 1034 1326 1112; baseline 0.003 -22"><span class='ocrx_word' id='word_1_60' title='bbox 117 1035 201 1110; x_wconf 80' lang='lat' dir='ltr'><strong>ginta</strong></span> <span class='ocrx_word' id='word_1_61' title='bbox 214 1052 331 1104; x_wconf 85' lang='lat' dir='ltr'><strong>novem‚</strong></span> <span class='ocrx_word' id='word_1_62' title='bbox 347 1039 377 1089; x_wconf 92' lang='lat' dir='ltr'><strong>et</strong></span> <span class='ocrx_word' id='word_1_63' title='bbox 390 1034 522 1090; x_wconf 88' lang='lat' dir='ltr'><strong>incendit</strong></span> <span class='ocrx_word' id='word_1_64' title='bbox 535 1055 608 1110; x_wconf 91' lang='lat' dir='ltr'><strong>quos</strong></span> <span class='ocrx_word' id='word_1_65' title='bbox 622 1036 732 1112; x_wconf 89' lang='lat' dir='ltr'><strong>reperit</strong></span> <span class='ocrx_word' id='word_1_66' title='bbox 747 1036 839 1110; x_wconf 86' lang='lat' dir='ltr'><strong>juxta</strong></span> <span class='ocrx_word' id='word_1_67' title='bbox 852 1036 1001 1093; x_wconf 81' lang='lat' dir='ltr'><strong>fornacem</strong></span> <span class='ocrx_word' id='word_1_68' title='bbox 1013 1036 1050 1094; x_wconf 91' lang='lat' dir='ltr'><strong>de</strong></span> <span class='ocrx_word' id='word_1_69' title='bbox 1065 1035 1212 1094; x_wconf 77' lang='lat' dir='ltr'><strong>Chaldaeis</strong></span> <span class='ocrx_word' id='word_1_70' title='bbox 1225 1038 1326 1094; x_wconf 85' lang='lat' dir='ltr'><strong>minis-</strong></span> 
     </span>
     <span class='ocr_line' id='line_1_9' title="bbox 119 1114 1326 1194; baseline 0.004 -24"><span class='ocrx_word' id='word_1_71' title='bbox 119 1124 181 1170; x_wconf 84' lang='lat' dir='ltr'><strong>tros</strong></span> <span class='ocrx_word' id='word_1_72' title='bbox 194 1114 270 1190; x_wconf 84' lang='lat' dir='ltr'><strong>regis</strong></span> <span class='ocrx_word' id='word_1_73' title='bbox 283 1114 337 1191; x_wconf 89' lang='lat' dir='ltr'><strong>qui</strong></span> <span class='ocrx_word' id='word_1_74' title='bbox 350 1133 415 1170; x_wconf 87' lang='lat' dir='ltr'><strong>eem</strong></span> <span class='ocrx_word' id='word_1_75' title='bbox 433 1115 637 1173; x_wconf 73' lang='lat' dir='ltr'><strong>incendebant.</strong></span> <span class='ocrx_word' id='word_1_76' title='bbox 681 1115 753 1173; x_wconf 89' lang='lat' dir='ltr'><strong>Illos</strong></span> <span class='ocrx_word' id='word_1_77' title='bbox 773 1123 874 1173; x_wconf 86' lang='lat' dir='ltr'><strong>autem</strong></span> <span class='ocrx_word' id='word_1_78' title='bbox 894 1117 1016 1174; x_wconf 90' lang='lat' dir='ltr'><strong>omnino</strong></span> <span class='ocrx_word' id='word_1_79' title='bbox 1036 1136 1097 1174; x_wconf 92' lang='lat' dir='ltr'><strong>non</strong></span> <span class='ocrx_word' id='word_1_80' title='bbox 1117 1118 1220 1194; x_wconf 80' lang='lat' dir='ltr'><strong>tetigit</strong></span> <span class='ocrx_word' id='word_1_81' title='bbox 1239 1117 1326 1194; x_wconf 84' lang='lat' dir='ltr'><strong>ignis,</strong></span> 
     </span>
     <span class='ocr_line' id='line_1_10' title="bbox 118 1195 1325 1275; baseline 0.004 -24"><span class='ocrx_word' id='word_1_82' title='bbox 118 1214 213 1271; x_wconf 87' lang='lat' dir='ltr'><strong>neque</strong></span> <span class='ocrx_word' id='word_1_83' title='bbox 233 1195 428 1267; x_wconf 86' lang='lat' dir='ltr'><strong>contristavit,</strong></span> <span class='ocrx_word' id='word_1_84' title='bbox 443 1215 497 1253; x_wconf 93' lang='lat' dir='ltr'><strong>nec</strong></span> <span class='ocrx_word' id='word_1_85' title='bbox 517 1197 673 1273; x_wconf 87' lang='lat' dir='ltr'><strong>quicquam</strong></span> <span class='ocrx_word' id='word_1_86' title='bbox 695 1196 835 1255; x_wconf 79' lang='lat' dir='ltr'><strong>molestiae</strong></span> <span class='ocrx_word' id='word_1_87' title='bbox 856 1197 967 1255; x_wconf 87' lang='lat' dir='ltr'><strong>intulit.</strong></span> <span class='ocrx_word' id='word_1_88' title='bbox 1011 1197 1095 1255; x_wconf 82' lang='lat' dir='ltr'><strong>Tunc</strong></span> <span class='ocrx_word' id='word_1_89' title='bbox 1113 1197 1145 1255; x_wconf 91' lang='lat' dir='ltr'><strong>hi</strong></span> <span class='ocrx_word' id='word_1_90' title='bbox 1164 1204 1226 1255; x_wconf 81' lang='lat' dir='ltr'><strong>tres</strong></span> <span class='ocrx_word' id='word_1_91' title='bbox 1240 1199 1325 1275; x_wconf 83' lang='lat' dir='ltr'><strong>quasi</strong></span> 
     </span>
     <span class='ocr_line' id='line_1_11' title="bbox 119 1276 1325 1354; baseline 0.004 -22"><span class='ocrx_word' id='word_1_92' title='bbox 119 1295 156 1332; x_wconf 80' lang='lat' dir='ltr'><strong>ex</strong></span> <span class='ocrx_word' id='word_1_93' title='bbox 170 1295 230 1333; x_wconf 94' lang='lat' dir='ltr'><strong>uno</strong></span> <span class='ocrx_word' id='word_1_94' title='bbox 244 1295 293 1334; x_wconf 78' lang='lat' dir='ltr'><strong>ore</strong></span> <span class='ocrx_word' id='word_1_95' title='bbox 306 1276 476 1350; x_wconf 76' lang='lat' dir='ltr'><strong>laudabant,</strong></span> <span class='ocrx_word' id='word_1_96' title='bbox 491 1284 522 1335; x_wconf 90' lang='lat' dir='ltr'><strong>et</strong></span> <span class='ocrx_word' id='word_1_97' title='bbox 535 1278 747 1354; x_wconf 81' lang='lat' dir='ltr'><strong>glorificabant,</strong></span> <span class='ocrx_word' id='word_1_98' title='bbox 763 1284 794 1335; x_wconf 92' lang='lat' dir='ltr'><strong>et</strong></span> <span class='ocrx_word' id='word_1_99' title='bbox 816 1279 1027 1337; x_wconf 75' lang='lat' dir='ltr'><strong>benedicebant</strong></span> <span class='ocrx_word' id='word_1_100' title='bbox 1041 1279 1140 1336; x_wconf 88' lang='lat' dir='ltr'><strong>Deum</strong></span> <span class='ocrx_word' id='word_1_101' title='bbox 1160 1278 1193 1335; x_wconf 91' lang='lat' dir='ltr'><strong>in</strong></span> <span class='ocrx_word' id='word_1_102' title='bbox 1207 1279 1325 1337; x_wconf 85' lang='lat' dir='ltr'><strong>fornace</strong></span> 
     </span>
     <span class='ocr_line' id='line_1_12' title="bbox 121 1356 259 1414; baseline 0.014 -2"><span class='ocrx_word' id='word_1_103' title='bbox 121 1356 259 1414; x_wconf 83' lang='lat' dir='ltr'><strong>dicentes</strong></span> 
     </span>
    </p>

    <p class='ocr_par' dir='ltr' id='par_1_5' title="bbox 118 1436 1326 1602">
     <span class='ocr_line' id='line_1_13' title="bbox 178 1436 1326 1520; baseline 0.003 -26"><span class='ocrx_word' id='word_1_104' title='bbox 178 1436 325 1514; x_wconf 78' lang='lat' dir='ltr'><strong>Sequatur</strong></span> <span class='ocrx_word' id='word_1_105' title='bbox 338 1439 372 1496; x_wconf 81' lang='lat' dir='ltr'><strong>irc</strong></span> <span class='ocrx_word' id='word_1_106' title='bbox 384 1438 478 1497; x_wconf 80' lang='lat' dir='ltr'><strong>medio</strong></span> <span class='ocrx_word' id='word_1_107' title='bbox 501 1437 587 1498; x_wconf 78' lang='lat' dir='ltr'><strong>Obori</strong></span> <span class='ocrx_word' id='word_1_108' title='bbox 607 1460 627 1496; x_wconf 86' lang='lat' dir='ltr'><strong>a</strong></span> <span class='ocrx_word' id='word_1_109' title='bbox 647 1441 759 1498; x_wconf 81' lang='lat' dir='ltr'><strong>duobus</strong></span> <span class='ocrx_word' id='word_1_110' title='bbox 781 1441 904 1498; x_wconf 71' lang='lat' dir='ltr'><strong>Vicortia</strong></span> <span class='ocrx_word' id='word_1_111' title='bbox 930 1441 964 1497; x_wconf 82' lang='lat' dir='ltr'><strong>io</strong></span> <span class='ocrx_word' id='word_1_112' title='bbox 985 1439 1077 1516; x_wconf 81' lang='lat' dir='ltr'><strong>Copia</strong></span> <span class='ocrx_word' id='word_1_113' title='bbox 1095 1441 1193 1498; x_wconf 81' lang='lat' dir='ltr'><strong>sericis</strong></span> <span class='ocrx_word' id='word_1_114' title='bbox 1218 1438 1326 1520; x_wconf 76' lang='lat' dir='ltr'><strong>[rubeis</strong></span> 
     </span>
     <span class='ocr_line' id='line_1_14' title="bbox 118 1517 1302 1602; baseline 0.003 -26"><span class='ocrx_word' id='word_1_115' title='bbox 118 1518 182 1576; x_wconf 73' lang='lat' dir='ltr'><strong>MS.</strong></span> <span class='ocrx_word' id='word_1_116' title='bbox 199 1517 246 1600; x_wconf 69' lang='lat' dir='ltr'><strong>sl]</strong></span> <span class='ocrx_word' id='word_1_117' title='bbox 260 1521 420 1578; x_wconf 75' lang='lat' dir='ltr'><strong>accuratam</strong></span> <span class='ocrx_word' id='word_1_118' title='bbox 432 1521 649 1596; x_wconf 73' lang='lat' dir='ltr'><strong>dispositionem</strong></span> <span class='ocrx_word' id='word_1_119' title='bbox 663 1521 799 1580; x_wconf 76' lang='lat' dir='ltr'><strong>Conteris</strong></span> <span class='ocrx_word' id='word_1_120' title='bbox 814 1518 1012 1600; x_wconf 65' lang='lat' dir='ltr'><strong>[Succentoria</strong></span> <span class='ocrx_word' id='word_1_121' title='bbox 1026 1521 1089 1579; x_wconf 78' lang='lat' dir='ltr'><strong>MS.</strong></span> <span class='ocrx_word' id='word_1_122' title='bbox 1108 1519 1155 1602; x_wconf 80' lang='grc'><strong>0.]</strong></span> <span class='ocrx_word' id='word_1_123' title='bbox 1170 1521 1302 1580; x_wconf 73' lang='lat' dir='ltr'><strong>Tractus.</strong></span> 
     </span>
    </p>

    <p class='ocr_par' dir='ltr' id='par_1_6' title="bbox 181 1601 1347 1676">
     <span class='ocr_line' id='line_1_15' title="bbox 181 1601 1347 1676; baseline 0.002 -18"><span class='ocrx_word' id='word_1_124' title='bbox 181 1601 360 1660; x_wconf 77' lang='lat' dir='ltr'><strong>Benedictus</strong></span> <span class='ocrx_word' id='word_1_125' title='bbox 373 1622 403 1658; x_wconf 88' lang='lat' dir='ltr'><strong>es</strong></span> <span class='ocrx_word' id='word_1_126' title='bbox 417 1601 548 1659; x_wconf 89' lang='lat' dir='ltr'><strong>Domine</strong></span> <span class='ocrx_word' id='word_1_127' title='bbox 561 1602 644 1659; x_wconf 86' lang='lat' dir='ltr'><strong>Deus</strong></span> <span class='ocrx_word' id='word_1_128' title='bbox 657 1609 777 1676; x_wconf 87' lang='lat' dir='ltr'><strong>patrum</strong></span> <span class='ocrx_word' id='word_1_129' title='bbox 789 1609 966 1660; x_wconf 86' lang='lat' dir='ltr'><strong>nostrorum.</strong></span> <span class='ocrx_word' id='word_1_130' title='bbox 1345 1603 1347 1609; x_wconf 75' lang='grc'>’</span> 
     </span>
    </p>

    <p class='ocr_par' dir='ltr' id='par_1_7' title="bbox 180 1682 892 1759">
     <span class='ocr_line' id='line_1_16' title="bbox 180 1682 892 1759; baseline 0 -19"><span class='ocrx_word' id='word_1_131' title='bbox 180 1682 264 1759; x_wconf 79' lang='lat' dir='ltr'><strong>Reep.</strong></span> <span class='ocrx_word' id='word_1_132' title='bbox 308 1683 350 1739; x_wconf 90' lang='lat' dir='ltr'><strong>Et</strong></span> <span class='ocrx_word' id='word_1_133' title='bbox 362 1682 520 1739; x_wconf 87' lang='lat' dir='ltr'><strong>laudabilis</strong></span> <span class='ocrx_word' id='word_1_134' title='bbox 533 1689 564 1739; x_wconf 88' lang='lat' dir='ltr'><strong>et</strong></span> <span class='ocrx_word' id='word_1_135' title='bbox 577 1682 720 1759; x_wconf 86' lang='lat' dir='ltr'><strong>gloriosus</strong></span> <span class='ocrx_word' id='word_1_136' title='bbox 733 1683 767 1738; x_wconf 94' lang='lat' dir='ltr'><strong>in</strong></span> <span class='ocrx_word' id='word_1_137' title='bbox 780 1683 892 1740; x_wconf 83' lang='lat' dir='ltr'><strong>saecula.</strong></span> 
     </span>
    </p>

    <p class='ocr_par' dir='ltr' id='par_1_8' title="bbox 181 1762 632 1840">
     <span class='ocr_line' id='line_1_17' title="bbox 181 1762 632 1840; baseline -0.007 -18"><span class='ocrx_word' id='word_1_138' title='bbox 181 1763 341 1840; x_wconf 76' lang='lat' dir='ltr'><strong>Repetatm</strong></span> <span class='ocrx_word' id='word_1_139' title='bbox 353 1763 503 1839; x_wconf 61' lang='lat' dir='ltr'><strong>(motus)</strong></span> <span class='ocrx_word' id='word_1_140' title='bbox 524 1762 632 1819; x_wconf 73' lang='lat' dir='ltr'><strong>Versus.</strong></span> 
     </span>
    </p>

    <p class='ocr_par' dir='ltr' id='par_1_9' title="bbox 186 1842 1113 1921">
     <span class='ocr_line' id='line_1_18' title="bbox 186 1842 1113 1921; baseline -0.003 -18"><span class='ocrx_word' id='word_1_141' title='bbox 186 1843 215 1903; x_wconf 92' lang='lat' dir='ltr'><strong>V.</strong></span> <span class='ocrx_word' id='word_1_142' title='bbox 245 1845 287 1901; x_wconf 83' lang='lat' dir='ltr'><strong>Et</strong></span> <span class='ocrx_word' id='word_1_143' title='bbox 299 1844 486 1900; x_wconf 89' lang='lat' dir='ltr'><strong>benedictum</strong></span> <span class='ocrx_word' id='word_1_144' title='bbox 501 1862 609 1900; x_wconf 91' lang='lat' dir='ltr'><strong>nomen</strong></span> <span class='ocrx_word' id='word_1_145' title='bbox 622 1842 721 1919; x_wconf 84' lang='lat' dir='ltr'><strong>gloriae</strong></span> <span class='ocrx_word' id='word_1_146' title='bbox 734 1849 803 1916; x_wconf 88' lang='lat' dir='ltr'><strong>tuae,</strong></span> <span class='ocrx_word' id='word_1_147' title='bbox 819 1845 898 1921; x_wconf 89' lang='lat' dir='ltr'><strong>quod</strong></span> <span class='ocrx_word' id='word_1_148' title='bbox 912 1849 956 1902; x_wconf 74' lang='lat' dir='ltr'><strong>est</strong></span> <span class='ocrx_word' id='word_1_149' title='bbox 969 1849 1113 1902; x_wconf 83' lang='lat' dir='ltr'><strong>sanctum.</strong></span> 
     </span>
    </p>

    <p class='ocr_par' dir='ltr' id='par_1_10' title="bbox 182 1923 901 2000">
     <span class='ocr_line' id='line_1_19' title="bbox 182 1923 901 2000; baseline 0.004 -20"><span class='ocrx_word' id='word_1_150' title='bbox 182 1927 267 2000; x_wconf 65' lang='lat' dir='ltr'><strong>Hesp.</strong></span> <span class='ocrx_word' id='word_1_151' title='bbox 310 1924 352 1981; x_wconf 86' lang='lat' dir='ltr'><strong>Et</strong></span> <span class='ocrx_word' id='word_1_152' title='bbox 365 1923 512 1980; x_wconf 79' lang='lat' dir='ltr'><strong>laudabile</strong></span> <span class='ocrx_word' id='word_1_153' title='bbox 526 1930 557 1980; x_wconf 92' lang='lat' dir='ltr'><strong>et</strong></span> <span class='ocrx_word' id='word_1_154' title='bbox 569 1923 729 1999; x_wconf 86' lang='lat' dir='ltr'><strong>gloriosum</strong></span> <span class='ocrx_word' id='word_1_155' title='bbox 743 1925 774 1981; x_wconf 93' lang='lat' dir='ltr'><strong>in</strong></span> <span class='ocrx_word' id='word_1_156' title='bbox 789 1926 901 1984; x_wconf 75' lang='lat' dir='ltr'><strong>saccula</strong></span> 
     </span>
    </p>

    <p class='ocr_par' dir='ltr' id='par_1_11' title="bbox 188 2004 948 2082">
     <span class='ocr_line' id='line_1_20' title="bbox 188 2004 948 2082; baseline 0 -19"><span class='ocrx_word' id='word_1_157' title='bbox 188 2006 217 2063; x_wconf 93' lang='lat' dir='ltr'><strong>V.</strong></span> <span class='ocrx_word' id='word_1_158' title='bbox 248 2004 426 2061; x_wconf 83' lang='lat' dir='ltr'><strong>Benedictus</strong></span> <span class='ocrx_word' id='word_1_159' title='bbox 440 2024 470 2060; x_wconf 73' lang='lat' dir='ltr'><strong>es</strong></span> <span class='ocrx_word' id='word_1_160' title='bbox 483 2005 514 2060; x_wconf 90' lang='lat' dir='ltr'><strong>in</strong></span> <span class='ocrx_word' id='word_1_161' title='bbox 528 2004 639 2080; x_wconf 85' lang='lat' dir='ltr'><strong>templo</strong></span> <span class='ocrx_word' id='word_1_162' title='bbox 652 2010 755 2063; x_wconf 86' lang='lat' dir='ltr'><strong>sancto</strong></span> <span class='ocrx_word' id='word_1_163' title='bbox 768 2005 867 2082; x_wconf 84' lang='lat' dir='ltr'><strong>gloriae</strong></span> <span class='ocrx_word' id='word_1_164' title='bbox 881 2012 948 2063; x_wconf 88' lang='lat' dir='ltr'><strong>tuae.</strong></span> 
     </span>
    </p>

    <p class='ocr_par' dir='ltr' id='par_1_12' title="bbox 183 2084 528 2160">
     <span class='ocr_line' id='line_1_21' title="bbox 183 2084 528 2160; baseline -0.003 -19"><span class='ocrx_word' id='word_1_165' title='bbox 183 2088 266 2160; x_wconf 65' lang='grc' dir='ltr'><strong>Καρ.</strong></span> <span class='ocrx_word' id='word_1_166' title='bbox 310 2085 352 2141; x_wconf 90' lang='lat' dir='ltr'><strong>Et</strong></span> <span class='ocrx_word' id='word_1_167' title='bbox 365 2084 528 2141; x_wconf 75' lang='lat' dir='ltr'><strong>laudabilis.</strong></span> 
     </span>
    </p>

    <p class='ocr_par' dir='ltr' id='par_1_13' title="bbox 187 2165 1043 2244">
     <span class='ocr_line' id='line_1_22' title="bbox 187 2165 1043 2244; baseline -0.001 -19"><span class='ocrx_word' id='word_1_168' title='bbox 187 2166 217 2225; x_wconf 94' lang='lat' dir='ltr'><strong>V.</strong></span> <span class='ocrx_word' id='word_1_169' title='bbox 247 2166 427 2222; x_wconf 84' lang='lat' dir='ltr'><strong>Benedictus</strong></span> <span class='ocrx_word' id='word_1_170' title='bbox 440 2185 470 2221; x_wconf 86' lang='lat' dir='ltr'><strong>es</strong></span> <span class='ocrx_word' id='word_1_171' title='bbox 484 2185 571 2242; x_wconf 87' lang='lat' dir='ltr'><strong>super</strong></span> <span class='ocrx_word' id='word_1_172' title='bbox 583 2165 727 2223; x_wconf 87' lang='lat' dir='ltr'><strong>thronum</strong></span> <span class='ocrx_word' id='word_1_173' title='bbox 740 2173 876 2224; x_wconf 87' lang='lat' dir='ltr'><strong>sanctum</strong></span> <span class='ocrx_word' id='word_1_174' title='bbox 890 2168 975 2244; x_wconf 87' lang='lat' dir='ltr'><strong>regni</strong></span> <span class='ocrx_word' id='word_1_175' title='bbox 988 2168 1043 2225; x_wconf 87' lang='lat' dir='ltr'><strong>tui.</strong></span> 
     </span>
    </p>
   </div>
   <div class='ocr_carea' id='block_1_3' title="bbox 179 2245 528 2323">
    <p class='ocr_par' dir='ltr' id='par_1_14' title="bbox 179 2245 528 2323">
     <span class='ocr_line' id='line_1_23' title="bbox 179 2245 528 2323; baseline 0.006 -22"><span class='ocrx_word' id='word_1_176' title='bbox 179 2249 265 2323; x_wconf 55' lang='lat' dir='ltr'><strong>etp,</strong></span> <span class='ocrx_word' id='word_1_177' title='bbox 309 2246 351 2302; x_wconf 78' lang='grc'><strong>111</strong></span> <span class='ocrx_word' id='word_1_178' title='bbox 365 2245 528 2303; x_wconf 63' lang='lat' dir='ltr'><strong>nudatus.</strong></span> 
     </span>
    </p>
   </div>
   <div class='ocr_carea' id='block_1_4' title="bbox 180 2327 1178 2484">
    <p class='ocr_par' dir='ltr' id='par_1_15' title="bbox 180 2327 1178 2484">
     <span class='ocr_line' id='line_1_24' title="bbox 187 2327 1178 2405; baseline 0.001 -20"><span class='ocrx_word' id='word_1_179' title='bbox 187 2328 217 2385; x_wconf 90' lang='lat' dir='ltr'><strong>V.</strong></span> <span class='ocrx_word' id='word_1_180' title='bbox 247 2327 425 2384; x_wconf 86' lang='lat' dir='ltr'><strong>Benedictus</strong></span> <span class='ocrx_word' id='word_1_181' title='bbox 438 2347 476 2394; x_wconf 82' lang='lat' dir='ltr'><strong>es,</strong></span> <span class='ocrx_word' id='word_1_182' title='bbox 490 2327 543 2403; x_wconf 92' lang='lat' dir='ltr'><strong>qui</strong></span> <span class='ocrx_word' id='word_1_183' title='bbox 556 2327 637 2384; x_wconf 85' lang='lat' dir='ltr'><strong>sedes</strong></span> <span class='ocrx_word' id='word_1_184' title='bbox 651 2347 739 2403; x_wconf 87' lang='lat' dir='ltr'><strong>super</strong></span> <span class='ocrx_word' id='word_1_185' title='bbox 752 2327 904 2386; x_wconf 79' lang='lat' dir='ltr'><strong>Cherubin</strong></span> <span class='ocrx_word' id='word_1_186' title='bbox 918 2329 1039 2386; x_wconf 90' lang='lat' dir='ltr'><strong>intuens</strong></span> <span class='ocrx_word' id='word_1_187' title='bbox 1052 2330 1178 2405; x_wconf 74' lang='lat' dir='ltr'><strong>abyssos</strong></span> 
     </span>
     <span class='ocr_line' id='line_1_25' title="bbox 180 2407 528 2484; baseline 0.006 -21"><span class='ocrx_word' id='word_1_188' title='bbox 180 2409 265 2484; x_wconf 74' lang='lat' dir='ltr'><strong>Beap.</strong></span> <span class='ocrx_word' id='word_1_189' title='bbox 308 2408 350 2464; x_wconf 86' lang='lat' dir='ltr'><strong>Et</strong></span> <span class='ocrx_word' id='word_1_190' title='bbox 363 2407 528 2465; x_wconf 79' lang='lat' dir='ltr'><strong>laudabilis</strong></span> 
     </span>
    </p>
   </div>
   <div class='ocr_carea' id='block_1_5' title="bbox 181 2489 1324 3375">
    <p class='ocr_par' dir='ltr' id='par_1_16' title="bbox 182 2489 1164 2646">
     <span class='ocr_line' id='line_1_26' title="bbox 188 2489 1164 2566; baseline 0.001 -19"><span class='ocrx_word' id='word_1_191' title='bbox 188 2490 216 2547; x_wconf 93' lang='lat' dir='ltr'><strong>V.</strong></span> <span class='ocrx_word' id='word_1_192' title='bbox 247 2489 426 2545; x_wconf 89' lang='lat' dir='ltr'><strong>Benedictus</strong></span> <span class='ocrx_word' id='word_1_193' title='bbox 439 2509 478 2558; x_wconf 85' lang='lat' dir='ltr'><strong>es,</strong></span> <span class='ocrx_word' id='word_1_194' title='bbox 494 2489 546 2565; x_wconf 91' lang='lat' dir='ltr'><strong>qui</strong></span> <span class='ocrx_word' id='word_1_195' title='bbox 559 2489 641 2546; x_wconf 83' lang='lat' dir='ltr'><strong>sedes</strong></span> <span class='ocrx_word' id='word_1_196' title='bbox 654 2509 742 2565; x_wconf 83' lang='lat' dir='ltr'><strong>super</strong></span> <span class='ocrx_word' id='word_1_197' title='bbox 755 2497 904 2566; x_wconf 85' lang='lat' dir='ltr'><strong>sceptrum</strong></span> <span class='ocrx_word' id='word_1_198' title='bbox 917 2490 1084 2548; x_wconf 78' lang='lat' dir='ltr'><strong>divinitatis</strong></span> <span class='ocrx_word' id='word_1_199' title='bbox 1097 2498 1164 2548; x_wconf 84' lang='lat' dir='ltr'><strong>ture.</strong></span> 
     </span>
     <span class='ocr_line' id='line_1_27' title="bbox 182 2569 528 2646; baseline -0.003 -18"><span class='ocrx_word' id='word_1_200' title='bbox 182 2571 265 2646; x_wconf 61' lang='lat' dir='ltr'><strong>Ram).</strong></span> <span class='ocrx_word' id='word_1_201' title='bbox 308 2570 350 2626; x_wconf 91' lang='lat' dir='ltr'><strong>Et</strong></span> <span class='ocrx_word' id='word_1_202' title='bbox 364 2569 528 2627; x_wconf 82' lang='lat' dir='ltr'><strong>laudabilis.</strong></span> 
     </span>
    </p>

    <p class='ocr_par' dir='ltr' id='par_1_17' title="bbox 190 2650 1096 2727">
     <span class='ocr_line' id='line_1_28' title="bbox 190 2650 1096 2727; baseline -0.001 -18"><span class='ocrx_word' id='word_1_203' title='bbox 190 2652 217 2709; x_wconf 85' lang='lat' dir='ltr'><strong>V.</strong></span> <span class='ocrx_word' id='word_1_204' title='bbox 247 2650 426 2708; x_wconf 88' lang='lat' dir='ltr'><strong>Benedictus</strong></span> <span class='ocrx_word' id='word_1_205' title='bbox 440 2670 478 2720; x_wconf 78' lang='lat' dir='ltr'><strong>es,</strong></span> <span class='ocrx_word' id='word_1_206' title='bbox 493 2651 546 2727; x_wconf 88' lang='lat' dir='ltr'><strong>qui</strong></span> <span class='ocrx_word' id='word_1_207' title='bbox 558 2651 692 2708; x_wconf 82' lang='lat' dir='ltr'><strong>ambulas</strong></span> <span class='ocrx_word' id='word_1_208' title='bbox 705 2671 793 2727; x_wconf 86' lang='lat' dir='ltr'><strong>super</strong></span> <span class='ocrx_word' id='word_1_209' title='bbox 806 2671 918 2727; x_wconf 87' lang='lat' dir='ltr'><strong>pennas</strong></span> <span class='ocrx_word' id='word_1_210' title='bbox 931 2658 1096 2710; x_wconf 77' lang='lat' dir='ltr'><strong>ventorum.</strong></span> 
     </span>
    </p>

    <p class='ocr_par' dir='ltr' id='par_1_18' title="bbox 182 2731 529 2808">
     <span class='ocr_line' id='line_1_29' title="bbox 182 2731 529 2808; baseline 0.003 -20"><span class='ocrx_word' id='word_1_211' title='bbox 182 2733 265 2808; x_wconf 72' lang='lat' dir='ltr'><strong>Reap.</strong></span> <span class='ocrx_word' id='word_1_212' title='bbox 310 2732 351 2788; x_wconf 86' lang='lat' dir='ltr'><strong>Et</strong></span> <span class='ocrx_word' id='word_1_213' title='bbox 365 2731 529 2789; x_wconf 81' lang='lat' dir='ltr'><strong>laudabilis.</strong></span> 
     </span>
    </p>

    <p class='ocr_par' dir='ltr' id='par_1_19' title="bbox 190 2812 941 2887">
     <span class='ocr_line' id='line_1_30' title="bbox 190 2812 941 2887; baseline -0.001 -16"><span class='ocrx_word' id='word_1_214' title='bbox 190 2814 217 2871; x_wconf 97' lang='lat' dir='ltr'><strong>V.</strong></span> <span class='ocrx_word' id='word_1_215' title='bbox 247 2812 430 2870; x_wconf 74' lang='lat' dir='ltr'><strong>Benedicent</strong></span> <span class='ocrx_word' id='word_1_216' title='bbox 443 2818 475 2870; x_wconf 88' lang='lat' dir='ltr'><strong>te</strong></span> <span class='ocrx_word' id='word_1_217' title='bbox 488 2832 589 2869; x_wconf 85' lang='lat' dir='ltr'><strong>omnes</strong></span> <span class='ocrx_word' id='word_1_218' title='bbox 602 2812 713 2887; x_wconf 81' lang='lat' dir='ltr'><strong>Angeli</strong></span> <span class='ocrx_word' id='word_1_219' title='bbox 727 2818 757 2870; x_wconf 86' lang='lat' dir='ltr'><strong>et</strong></span> <span class='ocrx_word' id='word_1_220' title='bbox 772 2813 874 2870; x_wconf 83' lang='lat' dir='ltr'><strong>Sancti</strong></span> <span class='ocrx_word' id='word_1_221' title='bbox 887 2814 941 2870; x_wconf 83' lang='lat' dir='ltr'><strong>tui.</strong></span> 
     </span>
    </p>

    <p class='ocr_par' dir='ltr' id='par_1_20' title="bbox 181 2893 968 2971">
     <span class='ocr_line' id='line_1_31' title="bbox 181 2893 968 2971; baseline -0.001 -19"><span class='ocrx_word' id='word_1_222' title='bbox 181 2896 265 2971; x_wconf 84' lang='lat' dir='ltr'><strong>Beap.</strong></span> <span class='ocrx_word' id='word_1_223' title='bbox 308 2894 349 2951; x_wconf 86' lang='lat' dir='ltr'><strong>Et</strong></span> <span class='ocrx_word' id='word_1_224' title='bbox 362 2893 485 2951; x_wconf 87' lang='lat' dir='ltr'><strong>laudent</strong></span> <span class='ocrx_word' id='word_1_225' title='bbox 498 2902 529 2951; x_wconf 88' lang='lat' dir='ltr'><strong>te</strong></span> <span class='ocrx_word' id='word_1_226' title='bbox 543 2900 573 2950; x_wconf 85' lang='lat' dir='ltr'><strong>et</strong></span> <span class='ocrx_word' id='word_1_227' title='bbox 586 2893 752 2969; x_wconf 81' lang='lat' dir='ltr'><strong>glorificent</strong></span> <span class='ocrx_word' id='word_1_228' title='bbox 766 2901 796 2950; x_wconf 89' lang='lat' dir='ltr'><strong>te</strong></span> <span class='ocrx_word' id='word_1_229' title='bbox 811 2894 842 2950; x_wconf 91' lang='lat' dir='ltr'><strong>in</strong></span> <span class='ocrx_word' id='word_1_230' title='bbox 856 2894 968 2952; x_wconf 70' lang='lat' dir='ltr'><strong>saecula.</strong></span> 
     </span>
    </p>

    <p class='ocr_par' dir='ltr' id='par_1_21' title="bbox 183 2973 1233 3133">
     <span class='ocr_line' id='line_1_32' title="bbox 189 2973 1233 3052; baseline -0.002 -18"><span class='ocrx_word' id='word_1_231' title='bbox 189 2977 218 3034; x_wconf 94' lang='lat' dir='ltr'><strong>V.</strong></span> <span class='ocrx_word' id='word_1_232' title='bbox 248 2974 430 3033; x_wconf 73' lang='lat' dir='ltr'><strong>Benedicent</strong></span> <span class='ocrx_word' id='word_1_233' title='bbox 443 2982 473 3032; x_wconf 83' lang='lat' dir='ltr'><strong>te</strong></span> <span class='ocrx_word' id='word_1_234' title='bbox 486 2973 549 3033; x_wconf 72' lang='lat' dir='ltr'><strong>celi</strong></span> <span class='ocrx_word' id='word_1_235' title='bbox 564 2982 595 3032; x_wconf 89' lang='lat' dir='ltr'><strong>et</strong></span> <span class='ocrx_word' id='word_1_236' title='bbox 608 2982 695 3044; x_wconf 80' lang='lat' dir='ltr'><strong>term,</strong></span> <span class='ocrx_word' id='word_1_237' title='bbox 710 2994 800 3046; x_wconf 85' lang='lat' dir='ltr'><strong>mare,</strong></span> <span class='ocrx_word' id='word_1_238' title='bbox 816 2981 846 3032; x_wconf 87' lang='lat' dir='ltr'><strong>ct</strong></span> <span class='ocrx_word' id='word_1_239' title='bbox 860 2975 960 3033; x_wconf 84' lang='lat' dir='ltr'><strong>onmis</strong></span> <span class='ocrx_word' id='word_1_240' title='bbox 973 2995 1038 3052; x_wconf 88' lang='lat' dir='ltr'><strong>quae</strong></span> <span class='ocrx_word' id='word_1_241' title='bbox 1051 2975 1084 3032; x_wconf 90' lang='lat' dir='ltr'><strong>in</strong></span> <span class='ocrx_word' id='word_1_242' title='bbox 1098 2976 1141 3033; x_wconf 83' lang='lat' dir='ltr'><strong>eis</strong></span> <span class='ocrx_word' id='word_1_243' title='bbox 1154 2983 1233 3033; x_wconf 83' lang='lat' dir='ltr'><strong>sunt.</strong></span> 
     </span>
     <span class='ocr_line' id='line_1_33' title="bbox 183 3055 495 3133; baseline -0.01 -17"><span class='ocrx_word' id='word_1_244' title='bbox 183 3060 267 3133; x_wconf 70' lang='lat' dir='ltr'><strong>Reep.</strong></span> <span class='ocrx_word' id='word_1_245' title='bbox 311 3056 352 3114; x_wconf 89' lang='lat' dir='ltr'><strong>Et</strong></span> <span class='ocrx_word' id='word_1_246' title='bbox 366 3055 495 3113; x_wconf 80' lang='lat' dir='ltr'><strong>laudent</strong></span> 
     </span>
    </p>

    <p class='ocr_par' dir='ltr' id='par_1_22' title="bbox 189 3136 903 3213">
     <span class='ocr_line' id='line_1_34' title="bbox 189 3136 903 3213; baseline -0.003 -17"><span class='ocrx_word' id='word_1_247' title='bbox 189 3139 218 3196; x_wconf 92' lang='lat' dir='ltr'><strong>V.</strong></span> <span class='ocrx_word' id='word_1_248' title='bbox 248 3137 350 3195; x_wconf 81' lang='lat' dir='ltr'><strong>Gloria</strong></span> <span class='ocrx_word' id='word_1_249' title='bbox 365 3136 448 3195; x_wconf 83' lang='lat' dir='ltr'><strong>Patri</strong></span> <span class='ocrx_word' id='word_1_250' title='bbox 462 3145 493 3194; x_wconf 88' lang='lat' dir='ltr'><strong>et</strong></span> <span class='ocrx_word' id='word_1_251' title='bbox 509 3136 586 3194; x_wconf 81' lang='lat' dir='ltr'><strong>Filio</strong></span> <span class='ocrx_word' id='word_1_252' title='bbox 600 3143 632 3194; x_wconf 89' lang='lat' dir='ltr'><strong>et</strong></span> <span class='ocrx_word' id='word_1_253' title='bbox 645 3136 773 3213; x_wconf 84' lang='lat' dir='ltr'><strong>Spiritui</strong></span> <span class='ocrx_word' id='word_1_254' title='bbox 786 3136 903 3194; x_wconf 79' lang='lat' dir='ltr'><strong>Sancto.</strong></span> 
     </span>
    </p>

    <p class='ocr_par' dir='ltr' id='par_1_23' title="bbox 182 3217 977 3295">
     <span class='ocr_line' id='line_1_35' title="bbox 182 3217 977 3295; baseline -0.003 -18"><span class='ocrx_word' id='word_1_255' title='bbox 182 3221 265 3295; x_wconf 84' lang='lat' dir='ltr'><strong>Reap.</strong></span> <span class='ocrx_word' id='word_1_256' title='bbox 309 3218 351 3275; x_wconf 87' lang='lat' dir='ltr'><strong>Et</strong></span> <span class='ocrx_word' id='word_1_257' title='bbox 364 3217 437 3286; x_wconf 82' lang='lat' dir='ltr'><strong>laus,</strong></span> <span class='ocrx_word' id='word_1_258' title='bbox 454 3224 485 3274; x_wconf 87' lang='lat' dir='ltr'><strong>et</strong></span> <span class='ocrx_word' id='word_1_259' title='bbox 497 3217 600 3283; x_wconf 75' lang='lat' dir='ltr'><strong>honor.</strong></span> <span class='ocrx_word' id='word_1_260' title='bbox 615 3224 753 3293; x_wconf 78' lang='lat' dir='ltr'><strong>potestas,</strong></span> <span class='ocrx_word' id='word_1_261' title='bbox 769 3224 800 3273; x_wconf 89' lang='lat' dir='ltr'><strong>et</strong></span> <span class='ocrx_word' id='word_1_262' title='bbox 812 3217 977 3294; x_wconf 87' lang='lat' dir='ltr'><strong>imperium.</strong></span> 
     </span>
    </p>

    <p class='ocr_par' dir='ltr' id='par_1_24' title="bbox 189 3297 1324 3375">
     <span class='ocr_line' id='line_1_36' title="bbox 189 3297 1324 3375; baseline 0.003 -18"><span class='ocrx_word' id='word_1_263' title='bbox 189 3301 217 3357; x_wconf 85' lang='lat' dir='ltr'><strong>V.</strong></span> <span class='ocrx_word' id='word_1_264' title='bbox 247 3300 331 3356; x_wconf 84' lang='lat' dir='ltr'><strong>Sicut</strong></span> <span class='ocrx_word' id='word_1_265' title='bbox 352 3305 416 3355; x_wconf 79' lang='lat' dir='ltr'><strong>erut</strong></span> <span class='ocrx_word' id='word_1_266' title='bbox 435 3298 467 3354; x_wconf 89' lang='lat' dir='ltr'><strong>in</strong></span> <span class='ocrx_word' id='word_1_267' title='bbox 488 3297 641 3374; x_wconf 84' lang='lat' dir='ltr'><strong>principio,</strong></span> <span class='ocrx_word' id='word_1_268' title='bbox 657 3305 688 3354; x_wconf 89' lang='lat' dir='ltr'><strong>et</strong></span> <span class='ocrx_word' id='word_1_269' title='bbox 701 3317 788 3366; x_wconf 84' lang='lat' dir='ltr'><strong>nunc,</strong></span> <span class='ocrx_word' id='word_1_270' title='bbox 804 3304 834 3354; x_wconf 87' lang='lat' dir='ltr'><strong>et</strong></span> <span class='ocrx_word' id='word_1_271' title='bbox 847 3317 962 3375; x_wconf 85' lang='lat' dir='ltr'><strong>semper</strong></span> <span class='ocrx_word' id='word_1_272' title='bbox 974 3299 1007 3355; x_wconf 92' lang='lat' dir='ltr'><strong>in</strong></span> <span class='ocrx_word' id='word_1_273' title='bbox 1021 3300 1127 3357; x_wconf 72' lang='lat' dir='ltr'><strong>sarcula</strong></span> <span class='ocrx_word' id='word_1_274' title='bbox 1144 3299 1324 3360; x_wconf 71' lang='lat' dir='ltr'><strong>soculorum</strong></span> 
     </span>
    </p>
   </div>
   <div class='ocr_carea' id='block_1_6' title="bbox 122 3384 438 3537">
    <p class='ocr_par' dir='ltr' id='par_1_25' title="bbox 122 3384 438 3537">
     <span class='ocr_line' id='line_1_37' title="bbox 122 3384 231 3444; baseline -0.046 0"><span class='ocrx_word' id='word_1_275' title='bbox 122 3384 231 3444; x_wconf 75' lang='lat' dir='ltr'><strong>Amen</strong></span> 
     </span>
     <span class='ocr_line' id='line_1_38' title="bbox 182 3459 438 3537; baseline -0.004 -20"><span class='ocrx_word' id='word_1_276' title='bbox 182 3463 269 3537; x_wconf 61' lang='lat' dir='ltr'><strong>Bam.</strong></span> <span class='ocrx_word' id='word_1_277' title='bbox 313 3460 354 3517; x_wconf 84' lang='lat' dir='ltr'><strong>Et</strong></span> <span class='ocrx_word' id='word_1_278' title='bbox 366 3459 438 3516; x_wconf 78' lang='lat' dir='ltr'><strong>laus.</strong></span> 
     </span>
    </p>
   </div>
   <div class='ocr_carea' id='block_1_7' title="bbox 124 3538 1328 4494">
    <p class='ocr_par' dir='ltr' id='par_1_26' title="bbox 191 3538 681 3616">
     <span class='ocr_line' id='line_1_39' title="bbox 191 3538 681 3616; baseline -0.018 -13"><span class='ocrx_word' id='word_1_279' title='bbox 191 3543 293 3603; x_wconf 61' lang='lat' dir='ltr'><strong>Verere</strong></span> <span class='ocrx_word' id='word_1_280' title='bbox 304 3540 505 3616; x_wconf 77' lang='lat' dir='ltr'><strong>reincipiatur.</strong></span> <span class='ocrx_word' id='word_1_281' title='bbox 550 3538 681 3596; x_wconf 74' lang='lat' dir='ltr'><strong>Tmctrm</strong></span> 
     </span>
    </p>

    <p class='ocr_par' dir='ltr' id='par_1_27' title="bbox 184 3624 414 3684">
     <span class='ocr_line' id='line_1_40' title="bbox 184 3624 414 3684; baseline -0.022 0"><span class='ocrx_word' id='word_1_282' title='bbox 184 3624 363 3684; x_wconf 71' lang='lat' dir='ltr'><strong>Benedictus</strong></span> <span class='ocrx_word' id='word_1_283' title='bbox 376 3642 414 3679; x_wconf 75' lang='lat' dir='ltr'><strong>es</strong></span> 
     </span>
    </p>

    <p class='ocr_par' dir='ltr' id='par_1_28' title="bbox 183 3702 529 3781">
     <span class='ocr_line' id='line_1_41' title="bbox 183 3702 529 3781; baseline -0.012 -17"><span class='ocrx_word' id='word_1_284' title='bbox 183 3707 267 3781; x_wconf 59' lang='lat' dir='ltr'><strong>Imp.</strong></span> <span class='ocrx_word' id='word_1_285' title='bbox 311 3703 353 3760; x_wconf 83' lang='lat' dir='ltr'><strong>Et</strong></span> <span class='ocrx_word' id='word_1_286' title='bbox 365 3702 529 3760; x_wconf 69' lang='lat' dir='ltr'><strong>laudabilis</strong></span> 
     </span>
    </p>

    <p class='ocr_par' dir='ltr' id='par_1_29' title="bbox 184 3782 865 3859">
     <span class='ocr_line' id='line_1_42' title="bbox 184 3782 865 3859; baseline -0.01 -13"><span class='ocrx_word' id='word_1_287' title='bbox 184 3786 331 3846; x_wconf 67' lang='lat' dir='ltr'><strong>Drminus</strong></span> <span class='ocrx_word' id='word_1_288' title='bbox 344 3784 503 3840; x_wconf 78' lang='lat' dir='ltr'><strong>vobiscum</strong></span> <span class='ocrx_word' id='word_1_289' title='bbox 548 3783 587 3839; x_wconf 85' lang='lat' dir='ltr'><strong>Et</strong></span> <span class='ocrx_word' id='word_1_290' title='bbox 601 3802 669 3840; x_wconf 87' lang='lat' dir='ltr'><strong>cum</strong></span> <span class='ocrx_word' id='word_1_291' title='bbox 683 3782 790 3859; x_wconf 84' lang='lat' dir='ltr'><strong>spiritu</strong></span> <span class='ocrx_word' id='word_1_292' title='bbox 805 3790 865 3839; x_wconf 87' lang='lat' dir='ltr'><strong>tuo.</strong></span> 
     </span>
    </p>

    <p class='ocr_par' dir='ltr' id='par_1_30' title="bbox 182 3867 293 3927">
     <span class='ocr_line' id='line_1_43' title="bbox 182 3867 293 3927; baseline -0.045 0"><span class='ocrx_word' id='word_1_293' title='bbox 182 3867 293 3927; x_wconf 63' lang='lat' dir='ltr'><strong>(trotio.</strong></span> 
     </span>
    </p>

    <p class='ocr_par' dir='ltr' id='par_1_31' title="bbox 124 3943 1325 4095">
     <span class='ocr_line' id='line_1_44' title="bbox 186 3943 1325 4024; baseline 0.002 -22"><span class='ocrx_word' id='word_1_294' title='bbox 186 3949 274 4014; x_wconf 74' lang='lat' dir='ltr'><strong>Deus,</strong></span> <span class='ocrx_word' id='word_1_295' title='bbox 287 3946 341 4023; x_wconf 85' lang='lat' dir='ltr'><strong>qui</strong></span> <span class='ocrx_word' id='word_1_296' title='bbox 353 3947 451 4002; x_wconf 84' lang='lat' dir='ltr'><strong>tribus</strong></span> <span class='ocrx_word' id='word_1_297' title='bbox 463 3946 563 4022; x_wconf 80' lang='lat' dir='ltr'><strong>pueris</strong></span> <span class='ocrx_word' id='word_1_298' title='bbox 575 3944 721 4020; x_wconf 76' lang='lat' dir='ltr'><strong>mitigasti</strong></span> <span class='ocrx_word' id='word_1_299' title='bbox 735 3944 868 4000; x_wconf 75' lang='lat' dir='ltr'><strong>flammas</strong></span> <span class='ocrx_word' id='word_1_300' title='bbox 881 3943 1005 4019; x_wconf 81' lang='lat' dir='ltr'><strong>ignium,</strong></span> <span class='ocrx_word' id='word_1_301' title='bbox 1026 3946 1151 4002; x_wconf 72' lang='lat' dir='ltr'><strong>conoede</strong></span> <span class='ocrx_word' id='word_1_302' title='bbox 1172 3947 1325 4024; x_wconf 83' lang='lat' dir='ltr'><strong>propitius,</strong></span> 
     </span>
     <span class='ocr_line' id='line_1_45' title="bbox 124 4025 1220 4095; baseline -0.01 -2"><span class='ocrx_word' id='word_1_303' title='bbox 124 4046 156 4095; x_wconf 79' lang='lat' dir='ltr'><strong>et</strong></span> <span class='ocrx_word' id='word_1_304' title='bbox 171 4050 225 4090; x_wconf 70' lang='lat' dir='ltr'><strong>tum</strong></span> <span class='ocrx_word' id='word_1_305' title='bbox 237 4028 363 4086; x_wconf 70' lang='lat' dir='ltr'><strong>famulos</strong></span> <span class='ocrx_word' id='word_1_306' title='bbox 375 4038 444 4083; x_wconf 83' lang='lat' dir='ltr'><strong>tuos</strong></span> <span class='ocrx_word' id='word_1_307' title='bbox 456 4047 516 4083; x_wconf 89' lang='lat' dir='ltr'><strong>non</strong></span> <span class='ocrx_word' id='word_1_308' title='bbox 531 4034 637 4083; x_wconf 78' lang='lat' dir='ltr'><strong>exmut</strong></span> <span class='ocrx_word' id='word_1_309' title='bbox 651 4026 769 4081; x_wconf 78' lang='lat' dir='ltr'><strong>flamma</strong></span> <span class='ocrx_word' id='word_1_310' title='bbox 782 4025 931 4081; x_wconf 75' lang='lat' dir='ltr'><strong>vitiorum.</strong></span> <span class='ocrx_word' id='word_1_311' title='bbox 974 4025 1035 4083; x_wconf 87' lang='lat' dir='ltr'><strong>Per</strong></span> <span class='ocrx_word' id='word_1_312' title='bbox 1047 4026 1220 4088; x_wconf 83' lang='lat' dir='ltr'><strong>Dominum</strong></span> 
     </span>
    </p>

    <p class='ocr_par' dir='ltr' id='par_1_32' title="bbox 183 4104 976 4170">
     <span class='ocr_line' id='line_1_46' title="bbox 183 4104 976 4170; baseline -0.004 -2"><span class='ocrx_word' id='word_1_313' title='bbox 183 4109 325 4170; x_wconf 70' lang='lat' dir='ltr'><strong>Memoria</strong></span> <span class='ocrx_word' id='word_1_314' title='bbox 338 4110 374 4165; x_wconf 85' lang='lat' dir='ltr'><strong>dc</strong></span> <span class='ocrx_word' id='word_1_315' title='bbox 386 4118 487 4165; x_wconf 68' lang='lat' dir='ltr'><strong>sarecto</strong></span> <span class='ocrx_word' id='word_1_316' title='bbox 501 4107 604 4163; x_wconf 82' lang='lat' dir='ltr'><strong>Jlaria</strong></span> <span class='ocrx_word' id='word_1_317' title='bbox 618 4115 644 4163; x_wconf 82' lang='lat' dir='ltr'><strong>et</strong></span> <span class='ocrx_word' id='word_1_318' title='bbox 657 4108 692 4163; x_wconf 85' lang='lat' dir='ltr'><strong>dc</strong></span> <span class='ocrx_word' id='word_1_319' title='bbox 705 4106 839 4163; x_wconf 78' lang='lat' dir='ltr'><strong>orrrrribus</strong></span> <span class='ocrx_word' id='word_1_320' title='bbox 851 4104 976 4165; x_wconf 57' lang='lat' dir='ltr'><strong>&amp;trectis</strong></span> 
     </span>
    </p>

    <p class='ocr_par' dir='ltr' id='par_1_33' title="bbox 184 4188 698 4262">
     <span class='ocr_line' id='line_1_47' title="bbox 184 4188 698 4262; baseline -0.016 -11"><span class='ocrx_word' id='word_1_321' title='bbox 184 4194 232 4251; x_wconf 76' lang='lat' dir='ltr'><strong>Ad</strong></span> <span class='ocrx_word' id='word_1_322' title='bbox 247 4189 507 4248; x_wconf 68' lang='lat' dir='ltr'><strong>ftembm&#39;oenses</strong></span> <span class='ocrx_word' id='word_1_323' title='bbox 526 4188 564 4261; x_wconf 71' lang='lat'><strong>(2</strong></span> <span class='ocrx_word' id='word_1_324' title='bbox 580 4188 610 4243; x_wconf 77' lang='lat' dir='ltr'><strong>ii.</strong></span> <span class='ocrx_word' id='word_1_325' title='bbox 629 4188 698 4262; x_wconf 58' lang='lat' dir='ltr'><strong>lt).</strong></span> 
     </span>
    </p>

    <p class='ocr_par' dir='ltr' id='par_1_34' title="bbox 124 4267 1328 4435">
     <span class='ocr_line' id='line_1_48' title="bbox 185 4267 1328 4346; baseline 0 -18"><span class='ocrx_word' id='word_1_326' title='bbox 185 4275 321 4332; x_wconf 65' lang='lat' dir='ltr'><strong>fratres:</strong></span> <span class='ocrx_word' id='word_1_327' title='bbox 346 4271 497 4346; x_wconf 74' lang='lat' dir='ltr'><strong>Rogamus</strong></span> <span class='ocrx_word' id='word_1_328' title='bbox 517 4288 578 4336; x_wconf 78' lang='lat' dir='ltr'><strong>vos,</strong></span> <span class='ocrx_word' id='word_1_329' title='bbox 599 4288 652 4343; x_wconf 80' lang='lat' dir='ltr'><strong>per</strong></span> <span class='ocrx_word' id='word_1_330' title='bbox 674 4268 836 4324; x_wconf 77' lang='lat' dir='ltr'><strong>adventum</strong></span> <span class='ocrx_word' id='word_1_331' title='bbox 858 4267 980 4325; x_wconf 86' lang='lat' dir='ltr'><strong>Domini</strong></span> <span class='ocrx_word' id='word_1_332' title='bbox 1004 4269 1099 4326; x_wconf 79' lang='lat' dir='ltr'><strong>nostri</strong></span> <span class='ocrx_word' id='word_1_333' title='bbox 1119 4269 1140 4326; x_wconf 82' lang='lat' dir='ltr'>J</span> <span class='ocrx_word' id='word_1_334' title='bbox 1143 4290 1194 4327; x_wconf 80' lang='lat' dir='ltr'><strong>esu</strong></span> <span class='ocrx_word' id='word_1_335' title='bbox 1216 4270 1328 4328; x_wconf 79' lang='lat' dir='ltr'><strong>Christi</strong></span> 
     </span>
     <span class='ocr_line' id='line_1_49' title="bbox 124 4349 704 4435; baseline -0.012 -24"><span class='ocrx_word' id='word_1_336' title='bbox 124 4376 212 4435; x_wconf 56' lang='lat' dir='ltr'><strong>&#39;taluc</strong></span> <span class='ocrx_word' id='word_1_337' title='bbox 224 4355 266 4412; x_wconf 76' lang='lat' dir='ltr'><strong>ad</strong></span> <span class='ocrx_word' id='word_1_338' title='bbox 279 4352 478 4408; x_wconf 70' lang='lat' dir='ltr'><strong>illustratione</strong></span> <span class='ocrx_word' id='word_1_339' title='bbox 491 4349 637 4406; x_wconf 74' lang='lat' dir='ltr'><strong>adventus</strong></span> <span class='ocrx_word' id='word_1_340' title='bbox 650 4349 704 4405; x_wconf 84' lang='lat' dir='ltr'><strong>sui</strong></span> 
     </span>
    </p>

    <p class='ocr_par' dir='ltr' id='par_1_35' title="bbox 185 4436 317 4494">
     <span class='ocr_line' id='line_1_50' title="bbox 185 4436 317 4494; baseline -0.038 0"><span class='ocrx_word' id='word_1_341' title='bbox 185 4436 317 4494; x_wconf 64' lang='lat' dir='ltr'><strong>Tractus</strong></span> 
     </span>
    </p>
   </div>
   <div class='ocr_carea' id='block_1_8' title="bbox 183 4509 1141 4591">
    <p class='ocr_par' dir='ltr' id='par_1_36' title="bbox 183 4509 1141 4591">
     <span class='ocr_line' id='line_1_51' title="bbox 183 4509 1141 4591; baseline -0.006 -16"><span class='ocrx_word' id='word_1_342' title='bbox 183 4517 243 4587; x_wconf 86' lang='lat' dir='ltr'><strong>Qui</strong></span> <span class='ocrx_word' id='word_1_343' title='bbox 256 4513 334 4591; x_wconf 73' lang='lat' dir='ltr'><strong>reg&#39;m</strong></span> <span class='ocrx_word' id='word_1_344' title='bbox 348 4512 449 4583; x_wconf 69' lang='lat' dir='ltr'><strong>Israel,</strong></span> <span class='ocrx_word' id='word_1_345' title='bbox 464 4510 605 4569; x_wconf 81' lang='lat' dir='ltr'><strong>intende:</strong></span> <span class='ocrx_word' id='word_1_346' title='bbox 627 4509 678 4585; x_wconf 88' lang='lat' dir='ltr'><strong>qui</strong></span> <span class='ocrx_word' id='word_1_347' title='bbox 692 4509 811 4567; x_wconf 81' lang='lat' dir='ltr'><strong>deducis</strong></span> <span class='ocrx_word' id='word_1_348' title='bbox 824 4509 907 4567; x_wconf 77' lang='lat' dir='ltr'><strong>velut</strong></span> <span class='ocrx_word' id='word_1_349' title='bbox 921 4529 1004 4568; x_wconf 83' lang='lat' dir='ltr'><strong>orem</strong></span> <span class='ocrx_word' id='word_1_350' title='bbox 1019 4509 1141 4588; x_wconf 83' lang='lat' dir='ltr'><strong>Joseph.</strong></span> 
     </span>
    </p>
   </div>
   <div class='ocr_carea' id='block_1_9' title="bbox 0 0 1468 4994">
    <p class='ocr_par' dir='ltr' id='par_1_37' title="bbox 0 0 1468 4994">
     <span class='ocr_line' id='line_1_52' title="bbox 0 0 1468 4994; baseline 0 0"><span class='ocrx_word' id='word_1_351' title='bbox 0 0 1468 4994; x_wconf 95' lang='lat' dir='ltr'><strong> </strong></span> 
     </span>
    </p>
   </div>
  </div>
 </body>
</html>
