2918 4986
460 323 563 390 Fama
576 346 603 390 ο.
615 331 690 410 post
707 323 847 390 Oinarea
1207 329 1249 394 49

113 491 210 569 Super
222 491 378 569 Populum.

113 573 296 631 Inclinantes
316 593 355 644 se,
379 572 515 645 Domine,
536 573 685 649 majestati
705 579 765 630 tuae
785 571 964 649 propitiatus
984 572 1123 631 intende:
1146 578 1182 633 ut
1202 575 1255 651 qui

50 654 153 795 lim?
167 674 288 713 munere
302 660 372 712 sunt
389 654 498 726 refecti,
514 654 677 711 caelestibus
697 673 812 730 semper
831 653 1004 712 nutriantur
1023 654 1151 713 auxiliis.
1195 654 1254 713 Per

84 755 225 795 ommum.

524 865 625 923 Fama
645 865 777 935 Quum.
869 931 872 937 .

113 1028 196 1086 Dum
220 1029 374 1087 clamarem
396 1027 434 1084 ad
455 1026 627 1098 Dominum,
649 1027 802 1084 exaudivit
824 1046 926 1085 vocem
949 1047 1046 1085 meam
1069 1028 1107 1085 ab
1131 1027 1177 1086 his
1200 1031 1254 1107 qui

50 1110 291 1186 appropinquant
311 1108 402 1166 mihi:
423 1113 453 1164 et
474 1108 644 1166 humiliavit
666 1128 714 1165 eos
735 1109 786 1184 qui
803 1114 847 1165 est
860 1115 929 1166 ante
943 1109 1049 1166 saecula
1062 1114 1093 1166 et
1105 1115 1206 1169 manet
1219 1112 1250 1169 in

50 1198 214 1248 aeternum:
231 1191 312 1266 jacta
325 1189 487 1267 cogitatum
500 1195 586 1247 tuum
600 1189 632 1244 in
647 1188 795 1247 Domino:
817 1195 847 1246 et
861 1189 924 1265 ipse
937 1195 968 1246 te
982 1190 1121 1248 enutriet.

114 1271 259 1329 Psalmus.

113 1352 240 1423 Exaudi,
266 1351 357 1420 Deus,
381 1352 544 1409 emtionem
570 1369 674 1421 meam,
701 1358 732 1407 et
758 1369 796 1408 ne
823 1350 989 1427 despexeris
1016 1351 1251 1429 deprecationem

50 1451 166 1490 meam:
187 1432 308 1490 intende
322 1431 404 1505 mihi,
420 1439 450 1490 et
464 1431 572 1489 exaudi
586 1451 640 1489 me.

115 1513 223 1573 Oratio.

112 1593 204 1667 Deus,
225 1595 278 1671 qui
299 1593 385 1669 culpa
406 1593 570 1666 offenderis,
594 1592 767 1668 paenitentia
790 1592 930 1669 placaris:
956 1613 1055 1670 preces
1079 1594 1182 1672 populi
1205 1597 1252 1653 tui

50 1640 244 1751 supplicaritis
258 1675 402 1751 propitius
422 1676 539 1750 respice,
554 1681 584 1731 et
598 1673 712 1749 flagella
726 1682 784 1730 tuae
798 1674 966 1747 iracundiae,
980 1694 1045 1751 quae
1059 1695 1112 1752 pro
1125 1677 1253 1761 peccatis

49 1756 162 1814 nostris
174 1775 327 1828 me1·,emur
343 1761 450 1813 averte.
494 1755 551 1813 Per
565 1754 736 1812 Dominum.

112 1837 207 1894 Lectio
220 1837 318 1894 Esuiae
331 1836 480 1912 Prophetae
499 1835 634 1913 (anemii.
653 1835 680 1892 1-
683 1835 726 1913 6).

113 1917 152 1974 In
172 1917 273 1975 diebus
292 1918 360 1988 illis,
375 1917 547 1993 AEgrctavit
561 1915 700 1973 Ezechias
718 1935 811 1992 usque
824 1916 862 1974 ad
875 1921 1000 1975 mortem
1013 1938 1104 1994 usquc
1118 1919 1159 1977 od
1172 1926 1202 1977 et
1216 1919 1253 1978 de

50 2017 143 2056 manu
157 1999 233 2075 regis
246 1999 438 2074 Assyriorum
458 2017 560 2055 eruam
580 2003 609 2055 te
630 2003 660 2054 et
680 1997 832 2055 civitatem
852 1999 948 2071 istam,
963 2005 995 2056 et
1007 2007 1159 2077 protegam
1177 2021 1250 2074 eam,

52 2079 127 2137 dicit
140 2079 287 2137 Dominus
301 2079 493 2157 omnipotens.

116 2159 249 2218 Gradole.

113 2240 135 2299 J
136 2248 202 2299 acta
215 2241 377 2318 cogitatum
390 2246 474 2297 tuum
490 2240 523 2297 in
537 2238 666 2296 Domino
680 2259 687 2296 :
710 2245 741 2297 et
754 2239 816 2316 ipse
829 2245 860 2297 te
874 2241 1011 2300 enutriet.

58 2322 88 2381 V.
111 2322 193 2380 Dum
213 2323 370 2380 clamarem
389 2321 427 2378 ad
447 2321 609 2379 Dominum
621 2341 630 2394 ;
655 2320 809 2378 exaudivit
828 2341 931 2379 vocem
954 2342 1050 2381 meam
1074 2324 1112 2385 ab
1136 2324 1182 2382 his
1202 2326 1254 2402 qui

54 2405 290 2481 appropinquant
303 2403 386 2460 mihi.

113 2483 280 2542 Secundum
293 2483 467 2540 Mottiaaeum
487 2482 565 2560 (ciii.
583 2482 678 2559 5-13)

114 2565 153 2622 In
172 2565 224 2622 illo
245 2570 384 2640 tempore,
400 2563 476 2621 Cum
495 2564 646 2620 introisset
659 2563 681 2621 J
683 2583 749 2621 esus
764 2563 982 2640 Oapharnaum,
997 2566 1117 2623 accessit
1135 2567 1173 2624 ad
1186 2587 1254 2625 eum

58 2647 187 2704 centurio
200 2666 291 2720 usque
304 2646 345 2702 ud
358 2645 399 2702 Et
413 2649 532 2702 sanatus
546 2650 591 2702 est
606 2664 680 2721 puer
692 2646 725 2700 in
738 2645 790 2702 illa
803 2645 884 2703 hora.

116 2727 307 2801 Offcrtorium.

114 2809 165 2865 Ad
185 2814 225 2879 te,
248 2806 383 2878 Domine,
404 2806 501 2865 levavi
521 2806 650 2863 animam
670 2825 786 2863 meam:
810 2805 892 2863 Deus
912 2825 1003 2878 meus,
1024 2807 1056 2864 in
1077 2813 1108 2865 te
1128 2810 1251 2882 confido,

60 2906 115 2945 ιιοιι
128 2889 314 2961 erubescam,
333 2908 428 2964 neque
448 2887 590 2944 irrideant
604 2907 651 2944 me
664 2887 777 2943 inimici
791 2888 868 2960 mei,
889 2887 999 2944 etenim
1013 2888 1144 2946 universi
1157 2891 1210 2966 qui
1223 2897 1254 2948 te

63 2976 212 3046 expectant
228 2989 289 3027 non
302 2969 526 3027 confundentur.

116 3050 236 3110 Secreta.

115 3132 271 3191 Sacrificiis
290 3131 490 3208 praesentibus,
506 3130 643 3201 Domine,
661 3148 836 3205 quaesumus,
856 3128 978 3186 intende
997 3129 1129 3207 placatus
1138 3151 1147 3204 3
1167 3136 1203 3189 ut
1223 3140 1254 3191 et

64 3210 204 3272 devotioni
218 3219 325 3271 nostrae
338 3212 492 3288 proficiant
506 3217 537 3269 et
550 3211 647 3269 saluti.
690 3210 748 3267 Per
761 3210 933 3268 Dominum.

118 3293 299 3354 Communia

116 3376 291 3454 Acceptabis
306 3374 478 3433 sacrificium
487 3373 622 3450 justitiae,
636 3372 797 3431 oblationes
811 3376 841 3430 et
854 3371 1041 3431 holocausta:
1062 3393 1149 3451 saper
1161 3374 1254 3434 altare

67 3457 149 3526 tuum,
165 3457 303 3515 Domine

77 3538 186 3596 .Post
175 3538 357 3596 tcommuuio.

118 3618 247 3676 Caelestis
267 3619 338 3675 doni
358 3617 560 3675 benedictione
580 3622 717 3693 percepta
737 3616 881 3708 supplices
901 3621 941 3688 te,
961 3617 1043 3674 Deus
1062 3617 1256 3695 omnipotens,

69 3693 264 3774 deprecamur.
283 3705 319 3756 ut
332 3699 386 3756 hoc
399 3699 478 3756 idem
491 3699 577 3756 nobis
591 3703 621 3755 et
635 3697 810 3755 sacramenti
830 3717 917 3754 causa
937 3697 984 3770 sit,
1000 3703 1031 3754 et
1044 3699 1154 3757 salutis.
1198 3700 1257 3758 Per

69 3772 228 3838 Dominum

118 3859 212 3937 Super
224 3860 382 3937 Populum.

118 3940 217 4014 Parce,
231 3943 359 3999 Domine
359 3961 465 4019 ‚parce
478 3940 586 4019 populo
600 3947 661 4012 tua,
673 3946 708 3997 ut
719 3940 815 4016 dignis
828 3939 1075 4018 flagellationibus
1088 3941 1254 4020 castigatus,

69 4016 156 4080 intua
169 4023 356 4082 miseratione
370 4024 500 4100 respiret
544 4021 603 4080 Per
616 3985 787 4079 deinum.

545 4216 644 4274 Fama
664 4216 773 4274 Sarra

121 4299 260 4375 Officium.

119 4381 248 4438 Audivit
262 4379 408 4438 Dominus
429 4386 458 4439 et
479 4380 616 4438 misertus
637 4385 681 4438 est
702 4377 792 4437 mihi:
814 4377 962 4438 Dominus
975 4378 1069 4439 factus
1084 4385 1128 4438 est
1141 4378 1259 4457 adjutor

64 4476 149 4519 meus.
416 4559 435 4600 E
