2918 4986
251 369 359 434 Misco
381 369 420 433 dc
443 368 600 453 Quinque
627 366 835 433 Vulneribus
856 369 940 434 Jeaa
963 369 1096 435 caasa.

273 537 345 593 Nox
358 534 502 592 insomnis
515 535 617 611 itaque
630 539 695 592 tota
709 535 890 607 ducebatur3

313 617 408 673 Nulla
420 635 540 693 prorsus
554 616 669 692 requies
683 616 705 673 J
706 636 757 673 esu
771 617 986 691 praestabatur3

313 698 523 774 Magistrorum
539 697 631 773 impia
644 697 726 773 plebs
740 697 910 772 injuriatur,

312 778 419 854 Alapis
433 785 463 834 et
477 778 606 854 colaphis
619 777 759 835 innocens
774 784 929 837 mactatur.

275 870 357 928 Dum
369 871 391 928 J
393 890 474 928 esum
489 871 599 946 eripere
614 870 730 928 Pilatus
744 876 876 942 conatur,

313 952 334 1009 J
336 952 487 1008 udaeorum
500 951 579 1008 furia
592 951 685 1027 magis
698 950 910 1024 inflammatur,
926 969 929 974 ·

314 1032 356 1089 Et
368 1032 516 1089 tumultus
530 1032 632 1109 populi
645 1033 750 1108 ingens
764 1033 921 1105 excitatur,

314 1113 355 1170 Et
368 1113 463 1190 plebis
475 1132 535 1170 vox
548 1113 667 1170 intonat
680 1118 716 1168 ut
729 1113 926 1189 crucifigatur.

200 1202 202 1206 ⁷
276 1206 416 1263 Traditur
428 1206 585 1277 militibus,
600 1205 728 1263 vinculis
741 1211 883 1277 arctatur,

315 1287 459 1362 Undique
472 1287 643 1345 verberibus
656 1305 761 1362 corpus
774 1292 955 1358 ementatur,

316 1367 413 1444 Caput
428 1367 504 1443 regis
517 1366 617 1443 gloriae
631 1367 724 1443 spinis
738 1373 906 1439 coronatur,
984 1406 985 1409 =

316 1448 446 1524 Postque
460 1448 544 1506 flexis
558 1448 682 1524 genibus
696 1447 829 1524 quisquis
842 1449 988 1507 irritatur.

275 1529 351 1586 Ecce
366 1548 433 1586 caro
446 1533 549 1586 tenera
562 1529 657 1586 nostri
672 1527 841 1601 Salvatoris,

315 1609 365 1668 Ad
378 1610 545 1666 columnam
558 1609 696 1686 nequiter
709 1614 874 1669 coarctatur
886 1609 967 1684 loris,

317 1690 367 1748 sic
380 1690 503 1768 flagellis
517 1691 640 1747 caeditur
653 1690 739 1766 impii
752 1690 882 1762 tortoris,

318 1771 404 1841 Quod
419 1778 560 1829 emanant
572 1771 664 1828 rivuli
676 1771 761 1828 rubei
775 1771 895 1828 cruoris.

277 1852 349 1911 Post
363 1872 416 1928 per
429 1853 510 1909 urbis
523 1852 654 1909 medium
667 1851 690 1909 J
691 1871 756 1909 esus
768 1852 953 1928 procedebat,

317 1933 358 1990 Et
372 1933 466 1990 crucis
479 1933 647 2009 patibulum
659 1932 790 1990 humeris
803 1932 925 2006 ferebat,

316 2014 368 2071 Ad
381 2015 466 2086 force,
482 2014 520 2071 ad
533 2013 610 2071 ostia
623 2014 748 2090 populus
761 2012 882 2086 fluebat,

318 2094 449 2172 Ejusque
463 2095 597 2153 confusio
610 2095 747 2152 omnibus
760 2095 889 2171 patebat.

275 2175 329 2239 ¹Ad
342 2175 462 2251 pudoris
475 2175 636 2248 cumulum,
652 2175 674 2232 J
676 2195 733 2248 esu,
750 2175 914 2248 denudaris,

318 2257 360 2314 Et
373 2261 464 2337 vcntp
477 2276 511 2314 ac
523 2256 738 2334 frigorinudus
752 2255 895 2332 spoliaris,

318 2337 467 2395 Innocens
480 2357 548 2395 cum
561 2338 661 2414 impiis
674 2337 706 2395 in
720 2357 805 2395 cruce
819 2337 978 2412 damnaris,

317 2416 361 2476 Et
374 2419 458 2495 quasi
472 2418 535 2475 dux
548 2418 665 2476 sceleris
678 2418 775 2476 medio
788 2418 901 2476 locaris.

275 2498 382 2556 ⁴Pensis
397 2499 477 2575 ligno
491 2499 627 2571 brachiis,
642 2518 748 2556 manus
762 2499 992 2556 conclavantur:

319 2579 442 2656 Corpus,
455 2581 587 2637 membra
599 2579 724 2655 singula,
739 2578 827 2655 pedes
840 2579 1036 2656 perforantur.

320 2661 424 2731 Nervi,
440 2680 531 2732 venae,
547 2660 638 2717 simili
652 2660 738 2717 modo
751 2661 845 2736 poenis
858 2660 1074 2734 tractabantur,

320 2741 423 2814 Pedes,
437 2741 547 2818 plantae
562 2741 687 2798 Domini
699 2741 776 2799 ferro
790 2741 1019 2799 concavantur.l

281 2834 425 2892 Fundunt
438 2834 518 2892 rivos
532 2833 684 2911 sanguinis
697 2834 829 2892 membra
843 2833 1013 2907 Salvatoris,

319 2914 463 2992 Properat
476 2914 534 2972 huc
547 2916 647 2973 anima
659 2915 755 2972 tristis
768 2915 936 2991 peccatoris.

322 2995 370 3054 Ut
383 2996 503 3058 hauriat
516 2997 669 3073 quippiam
683 2997 790 3054 saciati
803 2996 937 3072 liquoriS,

233 3110 235 3113 ·
323 3077 389 3147 Quo
403 3077 574 3153 frequenter
586 3076 674 3135 liniat
686 3077 811 3135 vulnera
824 3075 942 3134 doloris.

280 3156 419 3234 Loquens
432 3158 454 3215 J
455 3177 520 3216 esus
533 3164 644 3235 postea,
660 3158 745 3230 Sitio,
760 3157 876 3215 dicebat
889 3178 895 3214 :

322 3239 364 3296 Et
377 3245 494 3296 acetum
507 3239 643 3316 protinus
655 3238 782 3315 felleque
794 3238 954 3312 miscebat3

278 3385 281 3393 ¹
321 3322 370 3376 Ac
384 3319 517 3377 infusum
529 3320 652 3397 spongia
665 3319 710 3377 ori
722 3320 898 3396 porrigebat,

323 3400 411 3470 Quod
424 3400 584 3476 degustans
596 3400 760 3477 paululum,
775 3419 890 3458 sumere
902 3400 1031 3458 nolebat.

283 3479 332 3541 Mi
344 3481 367 3539 J
368 3501 420 3538 esu
433 3482 564 3551 mirifice,
578 3481 651 3558 quid
665 3487 710 3539 est
724 3481 803 3558 quod
815 3480 939 3558 agebasl

324 3561 420 3619 Tude
434 3562 485 3620 siti
499 3582 688 3639 conquerens,
703 3562 739 3620 de
753 3581 837 3620 cruce
851 3561 973 3619 silebas:

322 3642 480 3720 Numquid
493 3643 569 3701 hanc
583 3643 733 3702 doloribus
746 3643 840 3720 magis
853 3643 1017 3716 sentiebas,
1061 3661 1063 3665 ’

326 3722 384 3781 Sed
397 3725 524 3782 salutem
537 3724 637 3801 potius
651 3730 783 3782 nostram
797 3723 935 3781 sitiebasl

286 3803 397 3862 Vocem
411 3824 548 3882 promens
561 3805 709 3876 ultimam,
724 3804 846 3862 Patrem
860 3803 1015 3875 invocasti,

326 3885 473 3961 Spiritum
485 3886 519 3943 in
532 3887 670 3943 manibus
683 3887 747 3962 ejus
761 3885 989 3943 commendasti:

327 3965 404 4023 (lum
417 3966 544 4025 clamore
557 3967 657 4024 valido
669 3966 791 4024 tandem
805 3965 971 4042 exspirasti,

325 4046 366 4104 Et
380 4047 506 4106 salutem
519 4048 653 4105 omnium
666 4048 710 4105 ita
724 4047 943 4105 consummasti

287 4125 378 4186 Nunc
391 4148 444 4205 ego
458 4129 603 4205 superbio,
618 4134 654 4186 tu
667 4127 852 4201 humiliaris3

327 4209 392 4286 Ego
405 4209 505 4286 culpas
519 4215 665 4286 perpetro,
681 4216 716 4267 tu
729 4208 824 4286 poenis
837 4207 988 4286 gravaris:

327 4289 392 4367 Ego
406 4309 527 4366 pomum
540 4287 668 4362 mordeo,
684 4293 719 4348 tu
732 4290 800 4348 ielle
814 4291 946 4367 potaris;

328 4371 392 4448 Ego
404 4376 473 4448 peto
486 4370 595 4445 mollia,
611 4377 646 4429 tu
660 4371 724 4429 dire
737 4370 883 4429 cruciaris.

349 4512 363 4538 ⁴*
379 4510 418 4558 So.
434 4510 479 4559 Ed.
491 4512 512 4559 1.
544 4511 668 4560 Thanar
679 4511 739 4559 Edd
750 4511 813 4559 have
828 4514 843 4540 “
852 4481 1038 4559 conclavantur:
