2886 4994
325 103 420 168 Dora.
444 103 498 168 iii.
518 111 594 189 post
620 105 756 171 Oetaeos
776 105 982 172 Pentecoste.
1192 112 1255 174 223

260 321 421 379 Dounuca
440 321 558 378 Taena
578 337 651 379 rosr
672 321 813 380 Oorrvas
834 323 1053 384 Prsracosrns.

120 439 261 516 Officium.

118 521 244 597 Respice
264 520 298 576 in
318 540 365 577 me
385 525 416 576 et
435 520 572 578 miserere
592 520 659 591 mei,
675 520 811 592 Domine,
827 523 966 597 quoniam
986 524 1092 580 unicus
1106 531 1136 582 et
1149 545 1261 602 pauper

50 620 125 660 sum
145 622 207 678 cg0,
222 602 290 658 vide
308 601 508 658 humilitatem
527 621 624 658 meam
644 607 675 658 ct
695 602 824 658 laborem
845 623 953 675 meum,
972 611 1003 662 et
1023 605 1141 665 dimitte
1161 608 1259 664 omnia

51 690 179 758 peccata
192 703 264 753 mea,
280 682 363 739 Deus
376 701 467 739 meus.

120 765 266 822 Psalmas.

120 845 174 902 Ad
196 850 236 916 te,
254 844 391 913 Domine,
410 843 509 900 levavi
527 843 657 900 animam
681 863 794 902 meam:
815 845 898 903 Deus
921 866 1013 920 meus,
1031 848 1065 904 in
1084 854 1115 907 te
1139 850 1260 922 confido,

54 942 121 984 non
135 926 312 983 erubescam.

123 1007 233 1065 Oratio.

123 1087 368 1163 Deprecationem
392 1092 531 1157 nostram,
554 1106 729 1162 quaesumus,
751 1087 888 1160 Domine,
910 1089 1055 1166 benignus
1077 1093 1205 1151 exaudi:
1232 1101 1263 1152 et

60 1170 171 1246 quibus
184 1167 370 1244 supplicandi
388 1173 509 1242 praestas
530 1167 676 1240 affectum,
691 1169 789 1226 tribue
809 1169 987 1228 defensionis
1006 1172 1161 1233 auxilium.
1205 1174 1263 1231 Per

61 1248 235 1308 Dominum.

123 1347 219 1406 Lectio
233 1346 373 1422 Epistola
387 1345 461 1404 beati
474 1345 557 1403 Petri
570 1345 700 1421 Apostol'
714 1346 748 1424 (l
765 1369 789 1404 c.
808 1348 902 1424 6-11).

125 1428 296 1487 Carissimi:
317 1427 531 1484 Humiliamini
550 1428 606 1484 sub
619 1428 735 1502 potenti
748 1448 839 1485 manu
853 1430 912 1486 Dei
931 1449 1021 1505 acque
1040 1433 1080 1488 od
1094 1430 1159 1509 Ipsi
1171 1433 1264 1511 gloria

66 1517 95 1569 et
106 1510 267 1586 imperium
279 1509 312 1565 in
326 1509 431 1566 saecula
445 1509 625 1565 saeculorum.
667 1509 775 1566 Amen.

126 1590 260 1649 Gradale.

125 1673 147 1731 J
148 1680 216 1728 acta
228 1671 390 1746 cogitatum
403 1677 491 1728 tuum
504 1670 536 1726 in
550 1669 696 1742 Domine3
717 1676 747 1727 et
761 1671 823 1746 ipse
836 1677 866 1727 te
879 1672 1017 1730 enutriet.

71 1753 100 1812 V.
127 1754 210 1810 Dum
231 1752 387 1809 clamarem
407 1752 445 1808 ad
466 1751 629 1807 Dominum
653 1752 807 1808 exaudivit
826 1772 929 1809 vocem
950 1774 1064 1812 meam:
1088 1756 1126 1812 ab
1146 1756 1193 1813 his
1213 1757 1266 1832 qui

64 1834 304 1910 appropinquant
318 1833 398 1888 mihi.

126 1915 276 1989 Alleluya.
325 1913 354 1971 V.
376 1913 505 1970 Domine
529 1913 611 1970 Deus
634 1920 743 1986 noster,
772 1933 861 1990 quam
888 1917 1061 1974 admirabile
1087 1925 1133 1975 est
1159 1938 1266 1976 nomen

65 2003 154 2053 tuum
167 1996 200 2051 in
214 1996 352 2052 universa
365 2001 450 2052 terra

127 2092 295 2150 Secundam
308 2086 420 2149 haam
433 2092 494 2166 (aa.
514 2091 607 2170 1-10).

128 2175 168 2231 In
188 2174 240 2230 illo
259 2179 399 2248 tempore,
414 2173 510 2229 Erant
529 2174 798 2248 appropinquantes
819 2175 857 2230 ad
870 2175 892 2231 J
893 2194 975 2232 esum
995 2176 1146 2250 publicani
1161 2182 1193 2233 et
1205 2197 1269 2252 pec

65 2262 180 2315 catores
200 2260 290 2328 usqae
310 2256 349 2311 od
370 2254 511 2330 gaudium
531 2255 589 2310 erit
609 2273 707 2310 coram
726 2255 838 2330 angelis
852 2254 911 2312 Dei
931 2276 1019 2332 super
1039 2275 1098 2312 uno
1118 2264 1269 2332 peccatore

65 2336 272 2415 paenitentiam
285 2340 398 2411 agente.

131 2416 323 2490 Offertcra’um.

131 2499 256 2574 Sperent
269 2497 301 2554 in
315 2503 345 2554 tc
364 2515 464 2554 omnes
484 2496 537 2571 qui
557 2500 705 2552 noverunt
724 2515 832 2553 nomen
852 2500 947 2566 tuum,
963 2495 1108 2553 Domine:
1130 2498 1270 2572 quoniam

67 2600 131 2638 non
155 2578 334 2654 derelinquis
357 2583 521 2654 quarentes
544 2582 593 2634 te:
618 2577 735 2652 psallite
757 2577 887 2633 Domino
911 2578 963 2653 qui
984 2577 1101 2634 habitat
1124 2578 1157 2633 in
1180 2578 1269 2636 Sion:

68 2660 211 2739 quoniam
224 2665 343 2716 nonest
357 2659 467 2715 oblitus
481 2659 644 2715 orationem
657 2658 801 2734 pauperis.

130 2740 250 2798 Secreto.

133 2822 261 2878 Munera
280 2820 346 2892 tibi,
362 2821 498 2891 Domine,
513 2820 613 2876 oblata
633 2820 791 2891 sanctifica,
811 2826 846 2876 ut
866 2820 913 2876 tui
933 2819 1019 2877 nobis
1032 2820 1191 2896 Unigeniti
1211 2841 1272 2878 cor-

68 2923 127 2982 pus
140 2909 171 2959 et
184 2902 303 2978 sanguis
317 2902 398 2958 fiant.
442 2902 500 2958 Per
513 2901 646 2958 eundem.

133 2983 312 3042 Communia

133 3065 197 3140 Ego
218 3064 343 3120 clamavi
363 3063 502 3138 quoniam
523 3063 671 3120 exaudisti
691 3083 747 3136 me,
767 3063 866 3122 Deus:
889 3063 999 3120 inclina
1018 3083 1120 3121 aurem
1139 3070 1224 3121 tuam
1242 3070 1272 3121 et

69 3146 182 3212 exaudi
194 3146 285 3202 verba
298 3164 370 3202 mea.

133 3226 373 3283 Postccrmaaaio.
1131 3268 1137 3281 .

134 3306 210 3363 Haec
230 3326 284 3363 nos
304 3307 479 3376 communio,
495 3307 631 3376 Domine,
646 3312 752 3383 purget
768 3327 786 3364 a
806 3307 937 3379 crimine,
958 3313 990 3365 et
1009 3307 1133 3365 caelestis
1152 3307 1274 3365 remedii

72 3388 163 3446 faciat
177 3407 238 3446 esse
251 3393 405 3446 consortes.
449 3387 508 3444 Per
521 3388 692 3445 Dominum.

547 3599 648 3656 Fama
669 3600 806 3669 Quaere.

136 3729 186 3788 Ad
201 3728 378 3788 Colosseases
391 3730 453 3807 (iii.
472 3730 586 3807 17-24).

137 3810 275 3868 Fratres:
297 3811 392 3869 Omne
413 3812 606 3887 quodcunque
626 3811 723 3868 facitis
743 3812 776 3867 in
789 3814 880 3870 verbo
900 3820 954 3872 aut
973 3815 1006 3872 in
1027 3837 1112 3893 opere
1132 3817 1276 3890 usquead

75 3914 94 3951 a
117 3891 247 3949 Domino
271 3892 419 3967 accipietis
445 3893 676 3969 redemptionem
700 3892 889 3968 haereditatis
914 3896 972 3954 Per
994 3897 1099 3954 Jesum
1124 3896 1276 3954 Christum

76 3974 242 4032 Dominum
255 3979 397 4031 nostrum.

138 4070 305 4129 Secundum
317 4071 492 4128 Mattlaaecm
504 4069 549 4142 (a.
566 4070 681 4148 25-30).

140 4152 180 4209 In
192 4151 244 4208 illo
258 4157 398 4226 tempore,
414 4151 503 4208 Dixit
515 4152 538 4208 J
539 4171 605 4210 esus
621 4152 772 4229 discipulis
789 4154 868 4212 suis:
889 4155 962 4214 Esto
983 4155 1167 4214 consentiens
1186 4176 1277 4234 usque

79 4234 120 4292 ad
134 4252 224 4310 quam
238 4238 335 4289 totum
349 4251 453 4309 corpus
466 4239 553 4289 tuum
567 4240 615 4291 eat
628 4235 661 4290 in
674 4235 846 4310 gehennam
