2918 4986
443 361 491 424 In
505 359 544 424 N
540 359 692 424 elicitulc
712 360 864 426 Domini.
1214 368 1255 428 19

62 530 65 535 ’
91 522 283 687 &agappite
294 526 436 603 Alleluya
446 547 466 584 a
480 527 624 603 predicto
638 528 733 599 turbo,
747 527 870 603 incipiat
884 528 1047 588 Praeccntor
1060 528 1253 605 deputatione.

112 699 276 776 Sequentia.

177 781 288 838 Christi
301 781 443 838 hodierna
456 781 634 839 celebremus
648 781 802 854 natalitia3

176 861 282 919 Caelica
294 869 432 920 resonent
446 862 521 919 clare
535 882 677 919 camaenas
691 863 818 938 agmina,

175 943 265 1000 Nunc
279 944 355 1019 regis
368 942 540 1001 celebrando
552 943 737 1019 gratulanter
749 943 875 1020 nuptias.

175 1024 244 1080 Lux
257 1043 335 1080 nova
344 1024 407 1099 jam
423 1031 515 1081 terras
527 1023 659 1081 illustrat
671 1032 785 1080 veteres
799 1024 910 1100 pellens
923 1025 1066 1083 tenebras.

176 1103 300 1162 Reserat
313 1124 439 1180 superna
451 1105 547 1180 gratia
560 1104 612 1161 diu
626 1104 724 1161 clausa
737 1104 854 1181 palatia.

176 1185 262 1242 Felix
276 1191 371 1242 mater
383 1191 414 1242 et
427 1186 488 1242 sola
501 1185 613 1247 intacta
626 1191 736 1242 aeterna
749 1204 900 1260 puerpera,

176 1264 270 1323 cumr·
283 1271 354 1323 nato
369 1272 428 1323 stas
445 1265 576 1342 gravida,
592 1285 659 1323 cum
672 1265 731 1322 viri
744 1266 783 1322 sis
797 1266 901 1323 cubilis
915 1267 1020 1324 nescia.

176 1345 280 1404 Omnis
294 1353 411 1403 caterva
424 1352 568 1403 nostrate
582 1351 675 1422 rogat,
691 1345 828 1418 Domina,

176 1426 278 1484 Solvas
292 1447 350 1503 quo
363 1432 464 1484 nostra
478 1433 584 1484 cuncta
603 1426 806 1503 peccaminum
819 1427 947 1500 vincula,
962 1427 1057 1504 Virgo
1078 1428 1256 1504 sempiterna

256 1508 348 1565 beata

176 1587 276 1664 Digna
290 1587 374 1646 fuisti
386 1588 448 1646 sola
462 1588 616 1645 tollentem
629 1587 753 1645 crimina

176 1668 262 1726 Intra
275 1670 354 1727 uteri
367 1669 495 1726 claustra
508 1674 633 1744 portare,
649 1669 701 1745 qui
714 1669 859 1745 gubernat
873 1669 980 1741 omnia,
994 1689 1107 1745 supera,
1122 1668 1223 1726 infera

176 1749 268 1806 Hunc
282 1769 335 1806 sua
348 1750 471 1807 laudant
482 1751 559 1807 facta
568 1750 738 1825 gaudenter,
750 1750 827 1808 bona
837 1770 895 1826 qna
904 1751 1012 1807 vivunt
1023 1769 1111 1827 super
1120 1750 1253 1808 essentia.

176 1830 240 1887 Nos
253 1830 419 1888 humillima
432 1832 520 1888 turba
533 1832 634 1888 demus
649 1831 756 1903 debita,
771 1837 921 1908 poscentes
934 1832 997 1906 ejus
1011 1831 1206 1902 clementiam,

176 1909 223 1970 Ut
241 1917 341 1968 nostra
358 1917 500 1988 praestans
520 1917 654 1986 tempora
671 1931 749 1968 nunc
766 1912 874 1988 quieta,
893 1912 944 1968 det
964 1911 1079 1988 placida
1101 1911 1162 1968 frui
1183 1913 1254 1984 vita,

257 1992 344 2049 utilia
357 1992 493 2049 donando
507 1993 624 2049 famulis
638 2012 778 2064 munera;

176 2072 224 2128 Ac
247 2073 326 2130 inter
346 2092 400 2130 nos
428 2073 597 2130 discrimina
624 2093 700 2130 saeva
727 2073 851 2144 solvcnS,
880 2079 947 2149 post
973 2073 1078 2131 funera
1105 2073 1254 2145 derelicta,

257 2153 354 2210 sedem
368 2154 457 2211 ducat
471 2155 574 2210 mortis
589 2173 622 2210 ac
637 2154 781 2210 malorum
796 2155 946 2230 ignaram;

178 2233 237 2303 Qui
254 2234 291 2291 ad
309 2234 462 2292 dexteram
480 2234 579 2292 Patris
596 2235 704 2292 almam
720 2234 830 2306 sedena,
847 2240 1005 2311 conregnat
1024 2241 1186 2293 coaternus
1205 2254 1258 2311 per

257 2334 363 2387 omma,
1063 2367 1065 2372 ,

177 2394 320 2453 Potenter
332 2401 438 2453 cuncta
451 2395 632 2471 disponendo
646 2415 713 2452 cum
727 2415 761 2452 eo
775 2395 859 2453 saecla
872 2396 1029 2472 praesentia
1042 2403 1072 2454 et
1086 2396 1195 2470 futura,

177 2475 270 2533 Beata
279 2477 368 2553 justis
383 2476 495 2534 donans
510 2477 646 2533 omnibus
659 2477 789 2553 praemia,

178 2556 321 2614 Praeclara
344 2577 403 2633 qua
423 2557 477 2614 lux
498 2565 587 2628 vere†
609 2557 706 2630 micat,
721 2577 785 2633 quae
807 2564 852 2615 est
872 2558 949 2616 salus
970 2564 1081 2616 aeterna
1103 2564 1133 2616 et
1157 2565 1257 2616 nostra

257 2638 356 2714 gloria.

117 2738 322 2819 [nonagenaria
335 2744 369 2801 iit
377 2743 494 2819 pubiito
508 2743 736 2818 legatum-MS.
753 2740 805 2822 It]

115 2820 245 2880 Initium
258 2824 352 2881 cuncti
365 2824 518 2899 Evangelii
538 2825 696 2882 secundum
709 2823 736 2878 J
734 2823 875 2880 cluniacam
888 2823 927 2897 (i.
946 2823 1017 2879 1-14
1017 2823 1042 2900 )

118 2902 156 2960 In
169 2903 314 2980 principio
328 2911 391 2962 erat
404 2904 539 2962 Verbum
553 2925 642 2978 aequa
656 2906 696 2960 cd
709 2904 830 2980 plenum
844 2904 952 2980 gratiae·
964 2909 994 2960 et
1007 2903 1151 2960 veritatis.
1173 2962 1178 2969 ,

118 2983 211 3041 Credo
232 2985 350 3042 dicotur
365 3006 420 3061 pier
443 2984 572 3055 Octoooa,
593 2986 649 3042 sinc
671 2985 789 3042 dicutur
806 2985 840 3041 dc
860 2983 1023 3040 Notioitctc
1040 2983 1097 3040 aive
1118 2984 1153 3041 dc
1172 2984 1256 3042 Festo

70 3060 155 3137 digno
169 3065 337 3123 [lectionarii
350 3087 455 3124 nonem.

120 3144 310 3219 Offcrtorinm.
1260 3195 1263 3206 ,

118 3224 174 3282 Tui
187 3233 258 3284 sunt
271 3226 335 3284 caeli
348 3233 378 3284 et
390 3234 444 3285 tua
457 3233 501 3284 est
515 3235 612 3284 terra:
633 3226 734 3284 orbem
747 3232 895 3283 terrarum
912 3231 942 3282 et
959 3225 1175 3302 plenitudinem
1194 3227 1257 3303 ejus

64 3305 96 3360 tu
107 3305 236 3364 fundasti
247 3327 256 3379 3
275 3308 394 3384 justitia
408 3318 438 3366 et
447 3308 593 3384 judicium
606 3308 780 3384 praeparatio
794 3306 870 3364 sedis
883 3312 950 3364 tuae.

118 3385 235 3446 Secreta.

119 3467 235 3541 Oblata,
262 3469 398 3542 Domine,
423 3489 546 3527 munera
570 3489 648 3527 nova
669 3468 828 3545 Unigeniti
849 3467 896 3525 tui
916 3469 1075 3526 nativitate
1097 3470 1255 3543 sanctifica,
1313 3477 1316 3481 ’

56 3555 390 3625 nosqueapcccatorum
400 3556 568 3607 nostrorum
578 3550 700 3607 maculis
710 3549 846 3606 emunda.
879 3548 938 3606 Per
947 3550 1072 3607 eundem
1083 3549 1255 3610 Dominum.

118 3628 266 3704 Praefatio.
310 3631 388 3700 Quia
401 3650 453 3707 per
467 3631 625 3689 Incarnati.
670 3630 935 3688 communicantes.

120 3707 297 3769 donimanio.

119 3789 270 3849 Viderunt
283 3811 384 3850 omnes
397 3792 470 3850 fines
483 3797 569 3850 terrae
583 3791 712 3850 salutare
726 3791 785 3849 Dei
797 3791 899 3848 nostri.

120 3870 358 3931 Poatconrmaaio.

120 3951 239 4025 Praesta,
254 3973 429 4030 quaesumus,
445 3954 630 4030 omnipotens
644 3953 734 4024 Deus,
745 3959 781 4010 ut
794 3958 882 4009 natus
896 3952 983 4010 hodie
998 3953 1135 4012 Salvator
1143 3954 1257 4025 mundi,

56 4027 135 4089 siout
147 4032 255 4092 divinae
268 4035 353 4092 nobis
373 4034 569 4111 generationis
590 4040 635 4092 est
652 4040 762 4106 auctor,
778 4033 821 4091 ita
839 4039 869 4090 et
886 4033 1119 4092 immortalitatis
1137 4035 1177 4092 sit
1197 4036 1258 4111 ipse

61 4101 188 4189 largitor.
232 4114 292 4184 Qui
307 4121 412 4174 tecum.
971 4132 973 4136 ·
1177 4134 1179 4137 ·
1260 4146 1261 4149 “

120 4193 240 4270 fflinitu
260 4194 355 4254 Micca
375 4197 513 4254 dicantar
532 4195 703 4271 Antiphone
723 4205 749 4253 et
775 4194 875 4252 Oratio
903 4195 937 4252 de
967 4205 1069 4254 annoto
1089 4196 1192 4253 Maria
1219 4195 1259 4258 ud

64 4270 207 4346 Picatum,
239 4285 265 4334 ct
293 4287 394 4352 poatcc
426 4276 621 4352 Euarrqciium
651 4276 809 4334 secundum
840 4275 954 4333 anani
985 4276 1095 4334 Missus
1128 4282 1172 4334 est
1203 4275 1260 4334 loco

73 4345 214 4432 lametii
227 4356 268 4414 In
280 4357 433 4434 principio,
448 4360 526 4433 qnod
540 4358 650 4415 dictam
664 4366 704 4415 eat
717 4357 758 4414 cd
771 4355 902 4414 Mieaoua
1016 4388 1018 4393 .

194 4505 207 4531 ⁸
223 4504 309 4552 Sarum
318 4505 367 4552 and
376 4505 493 4553 Herclord
503 4505 718 4626 Eddss-gffssMS
741 4564 760 4612 O
776 4506 789 4566 †
804 4505 874 4566 Vere,
884 4504 973 4564 Mss.;
990 4519 1054 4565 vera,
1065 4505 1125 4551 Edd.
1194 4468 1200 4537 i·
