2918 4986
511 262 560 327 Ia
573 261 760 328 Notio-itote
774 261 929 328 Dotatae.
1285 269 1324 327 15

184 429 260 488 Haec
282 429 355 488 dicit
376 429 523 487 Dominus
534 450 544 503 ;
574 429 705 506 Populus
725 429 859 507 gentium
880 429 932 506 qui
952 428 1123 487 ambulabat
1143 429 1177 486 in
1196 430 1327 488 tenebris

121 531 214 586 araque
228 511 268 568 ad
281 531 299 568 a
312 511 398 568 modo
412 517 443 568 et
456 512 487 567 in
501 511 720 586 sempiternum.
1176 538 1180 548 ¹

183 590 289 649 Finito
301 591 441 662 Lectione,
457 592 518 649 aiae
531 591 683 649 craumelle
696 592 809 666 opatu
821 591 927 649 ibidem
941 591 1081 667 Epistola.

184 672 234 748 Ad
252 672 353 729 Titum
366 671 415 749 (ii.
433 671 549 749 11-15).

184 752 358 811 Carissimo:
381 753 533 830 Apparuit
552 753 648 831 gratia
665 752 724 810 Dei
744 773 834 828 aequa
855 754 895 810 acl
915 758 946 810 et
966 753 1131 826 exhortare,
1154 753 1187 810 in
1206 753 1325 812 Christo

123 834 199 892 Josu
213 834 342 891 Domino
356 840 464 890 nostro.

188 914 313 973 Gradale
328 912 374 994 [in
388 915 505 990 popello
519 915 636 972 dicatur
649 935 668 972 a
682 915 793 972 duobus
806 913 994 989 insalubribus
1006 914 1174 973 Rectoribue
1188 914 1328 974 Olera-

124 992 296 1133 Msl'lgerlm
310 1076 488 1152 principium
501 1076 533 1133 in
548 1076 594 1134 die
607 1075 730 1134 virtutis
743 1030 802 1134 tuae
816 1075 849 1132 in
863 1076 1066 1152 splendoribus
1079 1082 1268 1136 sanctorum:
1290 1097 1327 1134 ex

124 1163 211 1214 utero
225 1163 294 1214 anto
307 1157 462 1215 luciferum
474 1157 563 1233 genui
577 1162 615 1215 te.

133 1237 161 1296 V.
185 1237 274 1294 Dixit
295 1238 442 1295 Dominus
463 1237 593 1294 Domino
615 1257 698 1295 meo:
721 1238 795 1296 Sede
816 1257 834 1294 a
855 1237 968 1295 dextris
990 1238 1079 1296 meis:
1107 1238 1199 1296 donee
1220 1257 1328 1315 ponam

125 1317 260 1375 inimicos
273 1324 341 1376 tuos
354 1318 512 1376 scabellum
526 1319 634 1394 pedum
648 1324 775 1376 tuorum.

190 1398 315 1457 &adole
336 1409 482 1476 repetetur
503 1396 541 1479 [et
562 1399 667 1456 ibidem
688 1399 724 1456 ab
746 1399 815 1456 aliis
836 1399 947 1456 duobus
970 1400 1138 1458 Rectoribua
1162 1400 1329 1458 dicetur.-

187 1476 336 1637 Alleluya
386 1561 414 1618 V.
437 1560 584 1618 Dominus
604 1559 683 1618 dixit
702 1560 740 1617 ad
760 1578 816 1633 mc,
837 1560 931 1618 Filius
951 1580 1033 1619 meus
1053 1580 1083 1619 es
1103 1568 1147 1634 tu,
1169 1580 1221 1638 ego
1242 1560 1329 1620 hodic

148 1641 218 1698 cnui
230 1647 267 1699 te.

122 1661 165 1860 {1
191 1719 354 1882 [Μ’]ηοφιο
367 1721 508 1799 Alleluya
521 1743 540 1780 a
554 1722 728 1795 Rectorrbua,
738 1723 900 1798 temptatur
910 1743 929 1780 a
939 1721 1107 1781 Surrentore
1121 1722 1329 1799 Septemia—

188 1882 349 1960 choaota'o.
873 1959 874 1963 ἵ

250 1964 332 2022 Nato
345 1970 456 2022 canunt
469 1965 567 2022 omnia
581 1964 711 2022 Domino
725 1965 773 2041 pic
785 1965 910 2041 agmina,

250 2045 424 2121 Syllabatim
438 2052 599 2123 pneumata
611 2045 834 2122 perstringendo
849 2046 992 2122 organica,

251 2126 318 2184 Hac
331 2125 396 2184 die*
409 2132 530 2197 sacrata,
546 2127 579 2183 in
592 2146 650 2202 qua
664 2146 741 2183 nova
754 2133 825 2183 sunt
837 2127 944 2203 gaudia
957 2128 1068 2186 mundo
1082 2128 1168 2204 plene
1182 2127 1304 2189 reddita

251 2207 318 2265 Hae
332 2213 418 2264 nocte
431 2207 568 2283 praecelsa
580 2208 714 2264 intonuit
727 2213 757 2264 et
770 2208 863 2283 gloria
875 2208 908 2264 in
921 2228 992 2265 voce
1006 2209 1143 2284 angelica.

250 2287 410 2347 Fulserunt
424 2294 454 2345 et
466 2288 607 2346 immania
620 2295 706 2345 nocte
720 2288 816 2346 media
829 2288 994 2364 pastoribus
1008 2289 1129 2348 lumine.

251 2368 333 2426 Dum
346 2368 447 2426 fovent
461 2388 514 2426 sua
527 2388 630 2445 pecora
643 2369 742 2427 subito
756 2369 825 2426 diva
838 2369 1007 2446 percipiunt
1020 2371 1141 2444 monita,

251 2448 366 2507 Natum
380 2449 458 2506 elma
470 2449 604 2525 Virgine,
620 2450 672 2525 qui
686 2456 771 2507 extat
784 2454 853 2507 ante
867 2450 992 2523 saecula;

162 2599 164 2602 Ι
251 2528 307 2587 Est
319 2531 462 2589 immensa
475 2530 507 2586 in
522 2530 591 2588 caelo
605 2530 707 2606 gloria,
723 2551 782 2606 pax
797 2531 873 2588 etin
886 2537 974 2590 terra.

252 2609 300 2668 Sic
314 2631 383 2688 ergo
396 2611 459 2669 caeli
472 2617 589 2668 caterva
602 2611 745 2669 altissime
753 2612 873 2687 jubilat,

252 2690 391 2765 Ettanto
405 2711 510 2749 canore
523 2698 623 2768 crepat
636 2692 698 2749 alta
710 2693 771 2768 poli
784 2692 928 2750 machina.

253 2771 344 2831 Sonat
356 2777 387 2831 et
400 2792 452 2849 per
465 2772 563 2830 omnia
576 2773 630 2831 hac
644 2773 677 2829 in
690 2773 737 2831 die
750 2773 843 2849 gloria
856 2792 927 2830 voce
941 2773 1018 2830 clare
1031 2774 1154 2834 reddite.

252 2852 395 2911 Humana
408 2861 584 2930 concrepent
598 2860 704 2911 cuncta
717 2854 816 2911 Deum
829 2859 932 2910 natum
947 2853 980 2909 in
994 2859 1081 2912 terra

253 2932 410 2992 Confracta
422 2940 492 2992 sunt
506 2941 536 2991 et
549 2935 672 3010 imperia
686 2934 778 2991 hostis
793 2933 1011 3005 crudelissima;

253 3013 318 3072 Pax
332 3014 364 3072 in
377 3021 457 3072 terra
469 3015 593 3087 reddite,
607 3034 687 3072 nunc
701 3014 839 3071 laetentur
852 3014 949 3071 omnia
965 3014 1041 3072 Nati
1053 3034 1105 3092 per
1119 3013 1247 3072 exordia.

254 3093 339 3155 Solus
352 3095 405 3172 qui
418 3096 548 3153 condidit
563 3095 670 3167 omnia,

254 3175 339 3233 Solus
352 3177 404 3252 qui
418 3181 520 3234 tuctur
534 3177 641 3247 omnia,

253 3257 321 3334 Ipse
334 3277 388 3315 sua
401 3256 510 3334 pietate
523 3258 620 3315 solvat
632 3256 731 3315 omnia
743 3262 862 3332 peccata
875 3261 983 3314 nostra

193 3380 387 3457 Evorrqcla'wm
399 3401 420 3438 o
432 3379 564 3438 Diocouo
570 3380 662 3456 jueta
676 3378 777 3438 Altera
791 3379 910 3454 locatur.

194 3461 360 3521 Socerudosm
373 3461 487 3519 Lucam
500 3462 548 3538 (ii.
568 3461 661 3539 1-14).
934 3517 935 3520 ,

194 3542 234 3601 In
260 3543 312 3600 illo
338 3548 479 3618 tempore,
508 3542 594 3600 Exiit
616 3542 745 3599 edietum
766 3561 785 3599 a
807 3540 921 3599 Caesare
942 3540 1082 3620 Augusto
1104 3561 1193 3618 usque
1214 3542 1257 3600 ad
1277 3561 1337 3619 pax

138 3619 301 3681 bominibus
313 3623 397 3681 bonae
411 3622 581 3682 voluntatis·

195 3703 298 3763 Credo.

196 3785 387 3859 offertorium.
1180 3840 1182 3844 ,

194 3865 349 3924 Laetcntur
362 3864 426 3923 caeli
439 3870 470 3923 et
483 3864 598 3924 exultet
611 3872 692 3924 terra
705 3871 775 3922 ante
788 3863 894 3922 facicm
907 3863 1050 3924 Domini:
1071 3865 1211 3941 quoniam
1225 3866 1315 3924 venit

195 4027 328 4103 Accepta
340 4025 398 4084 tibi
410 4027 458 4100 eit,
473 4027 609 4098 Domine,
625 4046 800 4104 quaesumus,
815 4026 964 4083 hodiernae
978 4025 1150 4085 festivitatis
1161 4027 1280 4100 oblatio,
1294 4032 1337 4097 nt,

138 4110 190 4164 tua
208 4108 305 4185 gratia
323 4107 474 4184 largiente,
489 4128 542 4185 per
555 4109 615 4166 haec
629 4112 812 4165 sacrosancta
826 4107 999 4164 commercia
1012 4107 1046 4164 in
1058 4107 1139 4165 illius
1152 4108 1340 4165 inveniamur

140 4185 238 4260 forma,
261 4188 294 4246 in
315 4207 375 4264 quo
395 4195 495 4246 tcoum
516 4195 561 4246 est
581 4195 682 4246 nostra
704 4188 879 4260 substantia,
893 4187 915 4245 J
916 4207 982 4246 esus
996 4188 1132 4247 Christus
1152 4187 1248 4246 Filius
1270 4194 1340 4246 tuus

142 4264 284 4343 Dominus
296 4275 404 4329 noster.
447 4270 508 4341 Qui
520 4275 625 4329 tecum

577 4414 591 4440 ¹
607 4413 679 4460 MSS.
691 4413 717 4462 0.
728 4413 775 4460 and
785 4412 905 4461 D.-·Hacc
921 4412 978 4459 dios.
