2918 4986
176 309 239 371 248
448 307 543 373 Deru.
566 307 634 373 uei.
655 314 731 393 poet
756 308 893 374 Oetaeos
914 308 1120 375 Penteoostes.

661 531 762 590 Fumi
784 533 895 591 Suum.

236 660 487 720 lerinensium
507 662 542 735 (l
566 660 602 718 oi.
622 661 739 738 17-19).

236 740 412 801 Carissimo:
447 742 578 818 Praeoipe
605 741 750 799 divitibus
781 761 872 816 usque
899 740 942 798 ud
967 747 1003 799 ut
1029 741 1255 818 apprehendunt
1281 761 1389 800 veram

177 821 282 881 vitam.

237 918 405 977 tteurulum
419 919 530 976 Mecum
551 920 605 994 (oi.
623 918 741 996 22-35).

238 1000 277 1056 In
300 1001 351 1057 illo
373 1006 513 1076 tempore,
534 1000 623 1057 Dixit
641 999 730 1057 Jesus
744 999 897 1077 discipulis
914 1001 995 1059 suis:
1020 1001 1108 1059 Beati
1128 1002 1221 1075 eritis,
1240 1023 1310 1060 oum
1334 1022 1390 1060 vos

175 1081 293 1139 oderint
307 1081 440 1138 homines
453 1101 544 1156 resque
558 1083 598 1138 ud
612 1087 643 1138 et
656 1081 714 1138 e1it
728 1100 837 1140 merces
851 1088 950 1140 vestra
963 1083 1060 1140 mults
1072 1084 1106 1140 in
1119 1084 1206 1141 eaelis

309 1294 470 1352 Domsrou
490 1293 648 1352 V1cns1us
669 1309 765 1351 rums
787 1310 859 1352 ross
879 1293 1021 1352 Oomvus
1042 1292 1262 1350 Pnurneosrus

240 1423 264 1479 0
289 1423 380 1481 ⁴eitun.

239 1424 446 1562 liifvoluntote
460 1503 1029 1581 tua,Domi11e,unive1·sssuntposita3
1048 1511 1078 1562 et
1091 1524 1151 1561 nou
1165 1511 1211 1562 est
1225 1505 1279 1581 qui
1292 1505 1390 1580 possit

176 1584 310 1643 resistere
331 1585 482 1643 voluntati
500 1592 578 1643 ture:
598 1591 633 1643 tu
647 1586 727 1643 enim
740 1586 837 1643 fecisti
851 1587 959 1656 onmia,
975 1587 1078 1643 oaelum
1092 1592 1124 1643 et
1137 1591 1258 1658 terram,
1273 1595 1304 1642 et
1319 1587 1391 1642 uni-

176 1683 261 1723 verso
274 1686 339 1743 quus
354 1666 417 1724 eseli
431 1667 547 1724 ambitu
561 1666 771 1725 eontinentur:
799 1667 948 1726 Dominus
961 1668 1170 1725 universorum
1183 1673 1220 1725 tu
1234 1686 1275 1724 es.

240 1759 387 1816 I'ealruus.

238 1840 324 1897 Beati
340 1840 524 1898 immaculati
538 1840 570 1897 in
584 1841 651 1898 vis:
672 1840 724 1916 qui
738 1841 895 1898 srnbulsnt
908 1841 940 1897 in
954 1840 1018 1918 lege
1032 1841 1163 1898 Domini

240 1922 349 1979 Oratio.
838 1953 843 1963 ·

243 2003 373 2079 Lurgire,
390 2021 568 2079 quresumus,
585 2002 723 2075 Domine,
739 2002 876 2060 fidelibus
896 2003 957 2060 tuis
977 2003 1194 2078 indulgentiam
1208 2001 1346 2079 placatus
1361 2009 1393 2060 et

176 2104 277 2163 puoern
289 2104 296 2155 ;
326 2092 362 2141 ut
389 2084 502 2160 puriter
528 2084 566 2141 ab
590 2084 728 2141 omnibus
756 2085 981 2143 imminentibus
1005 2084 1188 2142 mundentur
1211 2083 1334 2142 offensis
1360 2090 1392 2141 et

178 2186 280 2226 secure
294 2165 352 2222 tibi
365 2170 464 2222 mente
478 2164 655 2224 deserviunt.
699 2164 766 2222 Per.

237 2262 288 2320 tid
304 2261 441 2336 lt'pliesius
461 2260 517 2338 (oi.
536 2261 654 2338 10-17).

238 2343 377 2400 Fratres:
399 2342 616 2423 Consortsmini
632 2343 661 2399 in
678 2341 809 2401 Domino
823 2350 854 2402 et
868 2343 901 2400 in
921 2345 1056 2420 potentia
1069 2343 1193 2401 virtutis
1213 2344 1279 2421 ejus
1299 2363 1392 2419 usque

176 2425 217 2483 od
231 2431 262 2481 et
275 2422 408 2500 gladium
423 2422 562 2500 Spiritus,
577 2423 656 2499 quod
670 2432 714 2481 est
728 2426 852 2483 verbum
868 2425 934 2483 Dei.

243 2514 378 2575 (iraditio.

239 2597 377 2668 Domine,
394 2596 540 2673 refugium
556 2597 651 2655 frictus
666 2617 697 2655 es
711 2599 813 2655 nobis:
834 2618 852 2656 u
865 2598 1056 2675 generetione
1070 2604 1100 2656 et
1114 2597 1262 2675 progenie.

184 2679 213 2738 V.
241 2679 421 2754 Priusquam
435 2686 551 2736 montes
562 2678 676 2748 fierent,
688 2685 741 2736 aut
754 2680 935 2736 formaretur
949 2685 1029 2736 terra
1043 2685 1073 2737 et
1087 2679 1184 2737 orbis:
1206 2700 1225 2737 a
1238 2681 1348 2738 saeculo
1362 2685 1391 2739 et

178 2762 211 2819 iu
225 2760 366 2819 sruoulum
380 2765 414 2817 tu
430 2778 460 2815 es
475 2759 565 2820 Deus.

239 2840 389 2918 Alleluyu.
429 2841 457 2898 l'.
482 2841 616 2898 Dextera
631 2840 755 2898 Domini
769 2840 840 2899 feeit
854 2841 1015 2899 virtutem:
1036 2841 1159 2899 dextero
1172 2842 1301 2899 Domini
1314 2841 1391 2899 exsl-

179 2923 258 2983 tsvit
272 2942 327 2980 me.
1264 2928 1267 2935 ’

239 3018 408 3078 destructum
423 3017 589 3079 Joluutueru
609 3019 664 3096 (iu.
682 3019 800 3096 46-53).

213 3115 218 3128 ·
240 3101 280 3158 In
300 3099 352 3157 illo
373 3100 605 3177 tempore,E1·ut
624 3100 746 3176 quidum
766 3099 894 3175 regulus,
911 3099 995 3175 cuijus
1013 3098 1093 3157 filius
1113 3099 1325 3159 infirmabatur
1339 3100 1390 3158 (fs-

178 3181 343 3259 plrurnuurn
362 3202 449 3256 risque
463 3183 504 3239 od
519 3181 560 3240 lit
573 3181 700 3239 credidit
714 3181 786 3258 ipse,
800 3187 832 3238 et
845 3179 950 3238 domus
964 3182 1028 3256 ejus
1041 3187 1114 3238 tota.

243 3273 439 3348 (mestorium.

241 3355 302 3414 Vir
323 3361 387 3413 erut
407 3355 439 3412 in
461 3361 541 3412 term
561 3354 681 3412 nomine
695 3354 764 3425 Job,
780 3353 906 3431 simplex
926 3360 957 3412 et
977 3360 1076 3412 rectus
1096 3374 1130 3412 so
1149 3355 1259 3412 timens
1274 3356 1389 3415 Deum:

182 3456 269 3514 quoru
285 3436 376 3494 Satius
397 3436 494 3512 petiit,
510 3442 546 3495 ut
559 3440 707 3495 tentaret:
730 3441 760 3493 ot
774 3434 844 3493 dats
857 3441 903 3492 est
922 3442 1054 3512 potestus
1068 3455 1086 3492 a
1100 3434 1231 3493 Domino
1248 3436 1283 3494 in
1300 3437 1389 3495 sacul-

182 3524 245 3577 tnto
264 3523 295 3575 et
315 3517 347 3574 iu
368 3536 454 3575 cirrus
475 3518 556 3592 ejus:
577 3516 764 3594 perdiditque
784 3536 901 3574 omnem
922 3517 1119 3574 substantiam
1140 3517 1234 3592 ipsius
1254 3524 1286 3576 et
1306 3518 1388 3588 filios,

186 3617 302 3658 camum
317 3617 433 3675 quoque
447 3599 510 3674 ejus
523 3597 606 3675 gravi
621 3599 718 3656 ulcere
732 3598 908 3656 vulneravit.

246 3679 367 3739 Secreto.

245 3760 400 3818 lirulesteur
419 3760 504 3817 nobis
521 3761 671 3837 proebssmt
685 3759 747 3816 haec
761 3759 910 3836 mysteria,
926 3779 1104 3836 quaesumus,
1119 3760 1257 3834 Domine,
1273 3759 1389 3819 medici-

185 3861 273 3913 nsm3
294 3847 325 3898 ot
338 3841 413 3898 vitiu
426 3842 522 3898 nostri
536 3841 666 3919 corporis
678 3847 853 3918 expurgent.
897 3841 956 3900 Per
970 3841 1143 3900 Dominum.

249 3933 432 3993 Gonmuruio.

247 4016 287 4075 Iu
312 4015 435 4073 soluturi
460 4020 511 4071 tuo
536 4015 635 4072 unium
656 4034 739 4073 rues:
760 4022 791 4072 et
811 4015 843 4072 iu
864 4015 987 4073 verbum
1008 4021 1096 4072 tuum
1116 4016 1250 4091 spemvi:
1274 4015 1389 4092 quando

186 4098 274 4157 sisoius
288 4097 324 4154 do
338 4096 581 4174 persequentibus
595 4115 641 4153 uro
655 4096 821 4172 judit-iuml
841 4096 939 4172 iniqui
952 4096 1098 4172 persecuti
1111 4107 1182 4154 sunt
1196 4116 1262 4155 me:
1283 4098 1389 4174 adjuva

189 4198 245 4248 me,
263 4179 391 4236 Domine
405 4179 488 4236 Deus
502 4196 592 4236 meus.

253 4272 491 4330 l’usteomuuutio·

250 4352 294 4409 Ut
315 4354 412 4425 sacris,
429 4350 565 4422 Domino,
584 4352 742 4409 mddumur
762 4350 846 4427 digni
866 4351 1048 4424 muneribus
1065 4352 1112 4410 fac
1133 4372 1196 4426 nos,
1213 4371 1387 4430 quaesumus,

186 4429 248 4491 tuis
262 4449 375 4511 semper
388 4435 507 4494 obedire
521 4433 676 4492 merrdutis.
721 4433 779 4491 Per
792 4433 964 4490 Dominum.
