<?xml version="1.0" encoding="UTF-8"?>
<!DOCTYPE html PUBLIC "-//W3C//DTD XHTML 1.0 Transitional//EN"
    "http://www.w3.org/TR/xhtml1/DTD/xhtml1-transitional.dtd">
<html xmlns="http://www.w3.org/1999/xhtml" xml:lang="en" lang="en">
 <head>
  <title>
</title>
<meta http-equiv="Content-Type" content="text/html;charset=utf-8" />
  <meta name='ocr-system' content='tesseract 3.04.00' />
  <meta name='ocr-capabilities' content='ocr_page ocr_carea ocr_par ocr_line ocrx_word'/>
</head>
<body>
  <div class='ocr_page' id='page_1' title='image "./missaleadusumin03churgoog_0269.png"; bbox 0 0 2918 4986; ppageno 0'>
   <div class='ocr_carea' id='block_1_1' title="bbox 242 374 872 460">
    <p class='ocr_par' dir='ltr' id='par_1_1' title="bbox 242 374 872 460">
     <span class='ocr_line' id='line_1_1' title="bbox 242 374 872 460; baseline -0.005 -20"><span class='ocrx_word' id='word_1_1' title='bbox 242 377 342 442; x_wconf 82' lang='lat' dir='ltr'>Dora.</span> <span class='ocrx_word' id='word_1_2' title='bbox 366 375 388 440; x_wconf 91' lang='lat' dir='ltr'>i.</span> <span class='ocrx_word' id='word_1_3' title='bbox 409 382 484 460; x_wconf 77' lang='lat' dir='ltr'>poet</span> <span class='ocrx_word' id='word_1_4' title='bbox 509 375 645 441; x_wconf 80' lang='lat' dir='ltr'>Octavus</span> <span class='ocrx_word' id='word_1_5' title='bbox 665 374 872 438; x_wconf 79' lang='lat' dir='ltr'>Pcrrtccostcs.</span> 
     </span>
    </p>
   </div>
   <div class='ocr_carea' id='block_1_2' title="bbox 326 541 754 1530">
    <p class='ocr_par' dir='ltr' id='par_1_2' title="bbox 326 541 754 1004">
     <span class='ocr_line' id='line_1_2' title="bbox 326 541 640 617; baseline -0.006 -17"><span class='ocrx_word' id='word_1_6' title='bbox 326 543 420 600; x_wconf 86' lang='lat' dir='ltr'>Nulla</span> <span class='ocrx_word' id='word_1_7' title='bbox 434 541 640 617; x_wconf 76' lang='lat' dir='ltr'>multiplicitas</span> 
     </span>
     <span class='ocr_line' id='line_1_3' title="bbox 368 623 609 694; baseline -0.004 -15"><span class='ocrx_word' id='word_1_8' title='bbox 368 624 407 679; x_wconf 91' lang='lat' dir='ltr'>In</span> <span class='ocrx_word' id='word_1_9' title='bbox 422 623 609 694; x_wconf 80' lang='lat' dir='ltr'>Divinitate3</span> 
     </span>
     <span class='ocr_line' id='line_1_4' title="bbox 367 703 690 779; baseline -0.006 -18"><span class='ocrx_word' id='word_1_10' title='bbox 367 704 565 761; x_wconf 82' lang='lat' dir='ltr'>Personarum</span> <span class='ocrx_word' id='word_1_11' title='bbox 579 703 690 779; x_wconf 82' lang='lat' dir='ltr'>paritas</span> 
     </span>
     <span class='ocr_line' id='line_1_5' title="bbox 368 784 652 854; baseline -0.011 -12"><span class='ocrx_word' id='word_1_12' title='bbox 368 785 424 842; x_wconf 83' lang='lat' dir='ltr'>Est</span> <span class='ocrx_word' id='word_1_13' title='bbox 437 785 470 840; x_wconf 87' lang='lat' dir='ltr'>in</span> <span class='ocrx_word' id='word_1_14' title='bbox 485 784 652 854; x_wconf 81' lang='lat' dir='ltr'>Trinitate3</span> 
     </span>
     <span class='ocr_line' id='line_1_6' title="bbox 366 865 754 922; baseline 0 0"><span class='ocrx_word' id='word_1_15' title='bbox 366 866 504 922; x_wconf 86' lang='lat' dir='ltr'>Indivisa</span> <span class='ocrx_word' id='word_1_16' title='bbox 517 865 649 921; x_wconf 68' lang='lat' dir='ltr'>Trinitas</span> <span class='ocrx_word' id='word_1_17' title='bbox 750 911 754 922; x_wconf 90' lang='lat'>.</span> 
     </span>
     <span class='ocr_line' id='line_1_7' title="bbox 368 945 621 1004; baseline -0.008 0"><span class='ocrx_word' id='word_1_18' title='bbox 368 946 424 1004; x_wconf 85' lang='lat' dir='ltr'>Est</span> <span class='ocrx_word' id='word_1_19' title='bbox 437 947 470 1002; x_wconf 95' lang='lat' dir='ltr'>in</span> <span class='ocrx_word' id='word_1_20' title='bbox 485 945 621 1003; x_wconf 86' lang='lat' dir='ltr'>Unitate.</span> 
     </span>
    </p>

    <p class='ocr_par' dir='ltr' id='par_1_3' title="bbox 329 1050 675 1530">
     <span class='ocr_line' id='line_1_8' title="bbox 329 1050 636 1109; baseline -0.003 0"><span class='ocrx_word' id='word_1_21' title='bbox 329 1052 415 1109; x_wconf 89' lang='lat' dir='ltr'>Patri</span> <span class='ocrx_word' id='word_1_22' title='bbox 428 1058 517 1107; x_wconf 88' lang='lat' dir='ltr'>natus</span> <span class='ocrx_word' id='word_1_23' title='bbox 531 1050 636 1108; x_wconf 85' lang='lat' dir='ltr'>similis</span> 
     </span>
     <span class='ocr_line' id='line_1_9' title="bbox 370 1132 648 1208; baseline 0 -19"><span class='ocrx_word' id='word_1_24' title='bbox 370 1132 470 1189; x_wconf 88' lang='lat' dir='ltr'>Patris</span> <span class='ocrx_word' id='word_1_25' title='bbox 485 1139 529 1189; x_wconf 88' lang='lat' dir='ltr'>est</span> <span class='ocrx_word' id='word_1_26' title='bbox 543 1132 648 1208; x_wconf 87' lang='lat' dir='ltr'>imago.</span> 
     </span>
     <span class='ocr_line' id='line_1_10' title="bbox 372 1212 671 1270; baseline -0.007 0"><span class='ocrx_word' id='word_1_27' title='bbox 372 1214 430 1270; x_wconf 85' lang='lat' dir='ltr'>Sed</span> <span class='ocrx_word' id='word_1_28' title='bbox 444 1233 505 1269; x_wconf 93' lang='lat' dir='ltr'>non</span> <span class='ocrx_word' id='word_1_29' title='bbox 519 1213 562 1269; x_wconf 91' lang='lat' dir='ltr'>rei</span> <span class='ocrx_word' id='word_1_30' title='bbox 574 1212 671 1269; x_wconf 82' lang='lat' dir='ltr'>facilis</span> 
     </span>
     <span class='ocr_line' id='line_1_11' title="bbox 371 1293 675 1369; baseline -0.01 -18"><span class='ocrx_word' id='word_1_31' title='bbox 371 1294 474 1369; x_wconf 88' lang='lat' dir='ltr'>Hujus</span> <span class='ocrx_word' id='word_1_32' title='bbox 490 1299 534 1350; x_wconf 83' lang='lat' dir='ltr'>est</span> <span class='ocrx_word' id='word_1_33' title='bbox 548 1293 654 1368; x_wconf 86' lang='lat' dir='ltr'>indago</span> <span class='ocrx_word' id='word_1_34' title='bbox 668 1313 675 1364; x_wconf 94' lang='lat'>;</span> 
     </span>
     <span class='ocr_line' id='line_1_12' title="bbox 371 1374 665 1433; baseline -0.007 -1"><span class='ocrx_word' id='word_1_35' title='bbox 371 1375 419 1433; x_wconf 84' lang='lat' dir='ltr'>Sit</span> <span class='ocrx_word' id='word_1_36' title='bbox 432 1375 465 1430; x_wconf 92' lang='lat' dir='ltr'>in</span> <span class='ocrx_word' id='word_1_37' title='bbox 478 1375 536 1431; x_wconf 90' lang='lat' dir='ltr'>fide</span> <span class='ocrx_word' id='word_1_38' title='bbox 550 1374 665 1430; x_wconf 86' lang='lat' dir='ltr'>stabilis</span> 
     </span>
     <span class='ocr_line' id='line_1_13' title="bbox 372 1455 671 1530; baseline -0.003 -18"><span class='ocrx_word' id='word_1_39' title='bbox 372 1455 516 1512; x_wconf 86' lang='lat' dir='ltr'>Humana</span> <span class='ocrx_word' id='word_1_40' title='bbox 534 1474 671 1530; x_wconf 75' lang='lat' dir='ltr'>propago,</span> 
     </span>
    </p>
   </div>
   <div class='ocr_carea' id='block_1_3' title="bbox 96 1575 659 1656">
    <p class='ocr_par' dir='ltr' id='par_1_4' title="bbox 96 1575 659 1656">
     <span class='ocr_line' id='line_1_14' title="bbox 96 1575 659 1656; baseline -0.009 -17"><span class='ocrx_word' id='word_1_41' title='bbox 96 1580 184 1640; x_wconf 75' lang='lat' dir='ltr'>ralia</span> <span class='ocrx_word' id='word_1_42' title='bbox 198 1599 256 1656; x_wconf 79' lang='lat' dir='ltr'>pro</span> <span class='ocrx_word' id='word_1_43' title='bbox 271 1578 443 1637; x_wconf 74' lang='lat' dir='ltr'><strong><em>Dominicis.</em></strong></span> <span class='ocrx_word' id='word_1_44' title='bbox 486 1575 659 1651; x_wconf 76' lang='lat' dir='ltr'>Sequentia..</span> 
     </span>
    </p>
   </div>
   <div class='ocr_carea' id='block_1_4' title="bbox 332 1673 846 4095">
    <p class='ocr_par' dir='ltr' id='par_1_5' title="bbox 332 1673 702 1894">
     <span class='ocr_line' id='line_1_15' title="bbox 332 1673 675 1732; baseline -0.006 0"><span class='ocrx_word' id='word_1_45' title='bbox 332 1675 501 1732; x_wconf 90' lang='lat' dir='ltr'>Adoremus</span> <span class='ocrx_word' id='word_1_46' title='bbox 516 1673 675 1731; x_wconf 82' lang='lat' dir='ltr'>Unitetem</span> 
     </span>
     <span class='ocr_line' id='line_1_16' title="bbox 373 1755 702 1812; baseline -0.003 0"><span class='ocrx_word' id='word_1_47' title='bbox 373 1756 415 1812; x_wconf 85' lang='lat' dir='ltr'>Et</span> <span class='ocrx_word' id='word_1_48' title='bbox 428 1757 462 1811; x_wconf 90' lang='lat' dir='ltr'>in</span> <span class='ocrx_word' id='word_1_49' title='bbox 476 1775 510 1812; x_wconf 89' lang='lat' dir='ltr'>ea</span> <span class='ocrx_word' id='word_1_50' title='bbox 524 1755 702 1811; x_wconf 73' lang='lat' dir='ltr'>Trinitatem</span> 
     </span>
     <span class='ocr_line' id='line_1_17' title="bbox 377 1836 633 1894; baseline 0.004 -1"><span class='ocrx_word' id='word_1_51' title='bbox 377 1836 448 1893; x_wconf 88' lang='lat' dir='ltr'>Pari</span> <span class='ocrx_word' id='word_1_52' title='bbox 461 1836 633 1894; x_wconf 85' lang='lat' dir='ltr'>reverentia.</span> 
     </span>
    </p>

    <p class='ocr_par' dir='ltr' id='par_1_6' title="bbox 335 1915 742 2136">
     <span class='ocr_line' id='line_1_18' title="bbox 335 1915 742 1993; baseline -0.007 -18"><span class='ocrx_word' id='word_1_53' title='bbox 335 1918 405 1975; x_wconf 80' lang='lat' dir='ltr'>Tres</span> <span class='ocrx_word' id='word_1_54' title='bbox 419 1936 557 1993; x_wconf 86' lang='lat' dir='ltr'>personas</span> <span class='ocrx_word' id='word_1_55' title='bbox 571 1915 742 1992; x_wconf 86' lang='lat' dir='ltr'>profitentes</span> 
     </span>
     <span class='ocr_line' id='line_1_19' title="bbox 376 1997 711 2056; baseline -0.006 -1"><span class='ocrx_word' id='word_1_56' title='bbox 376 1998 529 2056; x_wconf 85' lang='lat' dir='ltr'>Personali</span> <span class='ocrx_word' id='word_1_57' title='bbox 543 1997 711 2054; x_wconf 86' lang='lat' dir='ltr'>differentes</span> 
     </span>
     <span class='ocr_line' id='line_1_20' title="bbox 375 2079 639 2136; baseline -0.004 0"><span class='ocrx_word' id='word_1_58' title='bbox 375 2081 407 2136; x_wconf 82' lang='lat' dir='ltr'>A</span> <span class='ocrx_word' id='word_1_59' title='bbox 421 2099 451 2136; x_wconf 90' lang='lat' dir='ltr'>se</span> <span class='ocrx_word' id='word_1_60' title='bbox 466 2079 639 2135; x_wconf 83' lang='lat' dir='ltr'>differentia.</span> 
     </span>
    </p>

    <p class='ocr_par' dir='ltr' id='par_1_7' title="bbox 336 2159 846 2397">
     <span class='ocr_line' id='line_1_21' title="bbox 336 2159 711 2230; baseline -0.003 -13"><span class='ocrx_word' id='word_1_61' title='bbox 336 2160 411 2217; x_wconf 84' lang='lat' dir='ltr'>Haec</span> <span class='ocrx_word' id='word_1_62' title='bbox 425 2160 566 2216; x_wconf 86' lang='lat' dir='ltr'>dicuntur</span> <span class='ocrx_word' id='word_1_63' title='bbox 579 2159 711 2230; x_wconf 75' lang='lat' dir='ltr'>relative,</span> 
     </span>
     <span class='ocr_line' id='line_1_22' title="bbox 379 2240 846 2312; baseline -0.002 -15"><span class='ocrx_word' id='word_1_64' title='bbox 379 2241 455 2298; x_wconf 81' lang='lat' dir='ltr'>Cum</span> <span class='ocrx_word' id='word_1_65' title='bbox 469 2241 530 2297; x_wconf 90' lang='lat' dir='ltr'>sint</span> <span class='ocrx_word' id='word_1_66' title='bbox 543 2260 638 2296; x_wconf 90' lang='lat' dir='ltr'>unum</span> <span class='ocrx_word' id='word_1_67' title='bbox 651 2240 846 2312; x_wconf 72' lang='lat' dir='ltr'>substantive,</span> 
     </span>
     <span class='ocr_line' id='line_1_23' title="bbox 379 2321 689 2397; baseline 0 -19"><span class='ocrx_word' id='word_1_68' title='bbox 379 2321 451 2378; x_wconf 87' lang='lat' dir='ltr'>Non</span> <span class='ocrx_word' id='word_1_69' title='bbox 464 2322 524 2377; x_wconf 84' lang='lat' dir='ltr'>tria</span> <span class='ocrx_word' id='word_1_70' title='bbox 537 2322 689 2397; x_wconf 85' lang='lat' dir='ltr'>principia.</span> 
     </span>
    </p>

    <p class='ocr_par' dir='ltr' id='par_1_8' title="bbox 339 2402 772 2638">
     <span class='ocr_line' id='line_1_24' title="bbox 339 2402 717 2474; baseline -0.008 -14"><span class='ocrx_word' id='word_1_71' title='bbox 339 2403 407 2460; x_wconf 75' lang='lat' dir='ltr'>Sive</span> <span class='ocrx_word' id='word_1_72' title='bbox 421 2403 501 2459; x_wconf 83' lang='lat' dir='ltr'>dicas</span> <span class='ocrx_word' id='word_1_73' title='bbox 515 2409 575 2459; x_wconf 89' lang='lat' dir='ltr'>tres</span> <span class='ocrx_word' id='word_1_74' title='bbox 589 2403 637 2458; x_wconf 85' lang='lat' dir='ltr'>vel</span> <span class='ocrx_word' id='word_1_75' title='bbox 651 2402 717 2474; x_wconf 84' lang='lat' dir='ltr'>tria,</span> 
     </span>
     <span class='ocr_line' id='line_1_25' title="bbox 380 2483 772 2559; baseline -0.003 -19"><span class='ocrx_word' id='word_1_76' title='bbox 380 2483 512 2559; x_wconf 79' lang='lat' dir='ltr'>Simplex</span> <span class='ocrx_word' id='word_1_77' title='bbox 527 2489 626 2540; x_wconf 86' lang='lat' dir='ltr'>tamen</span> <span class='ocrx_word' id='word_1_78' title='bbox 641 2489 685 2540; x_wconf 87' lang='lat' dir='ltr'>est</span> <span class='ocrx_word' id='word_1_79' title='bbox 699 2483 772 2556; x_wconf 82' lang='lat' dir='ltr'>usia,</span> 
     </span>
     <span class='ocr_line' id='line_1_26' title="bbox 381 2564 724 2638; baseline -0.003 -17"><span class='ocrx_word' id='word_1_80' title='bbox 381 2565 451 2621; x_wconf 90' lang='lat' dir='ltr'>Non</span> <span class='ocrx_word' id='word_1_81' title='bbox 465 2564 575 2638; x_wconf 82' lang='lat' dir='ltr'>triplex</span> <span class='ocrx_word' id='word_1_82' title='bbox 589 2564 724 2620; x_wconf 82' lang='lat' dir='ltr'>essentia.</span> 
     </span>
    </p>

    <p class='ocr_par' dir='ltr' id='par_1_9' title="bbox 338 2643 736 2720">
     <span class='ocr_line' id='line_1_27' title="bbox 338 2643 736 2720; baseline -0.01 -18"><span class='ocrx_word' id='word_1_83' title='bbox 338 2645 425 2702; x_wconf 82' lang='lat' dir='ltr'>Patri</span> <span class='ocrx_word' id='word_1_84' title='bbox 438 2645 533 2720; x_wconf 91' lang='lat' dir='ltr'>proles</span> <span class='ocrx_word' id='word_1_85' title='bbox 548 2650 592 2700; x_wconf 85' lang='lat' dir='ltr'>est</span> <span class='ocrx_word' id='word_1_86' title='bbox 607 2643 736 2718; x_wconf 82' lang='lat' dir='ltr'>aequalis,</span> 
     </span>
    </p>

    <p class='ocr_par' dir='ltr' id='par_1_10' title="bbox 380 2723 782 2864">
     <span class='ocr_line' id='line_1_28' title="bbox 380 2723 782 2799; baseline -0.005 -16"><span class='ocrx_word' id='word_1_87' title='bbox 380 2727 412 2783; x_wconf 91' lang='lat' dir='ltr'>N</span> <span class='ocrx_word' id='word_1_88' title='bbox 414 2746 445 2783; x_wconf 89' lang='lat' dir='ltr'>ec</span> <span class='ocrx_word' id='word_1_89' title='bbox 459 2725 513 2781; x_wconf 89' lang='lat' dir='ltr'>hoo</span> <span class='ocrx_word' id='word_1_90' title='bbox 526 2725 607 2780; x_wconf 92' lang='lat' dir='ltr'>tollit</span> <span class='ocrx_word' id='word_1_91' title='bbox 620 2723 782 2799; x_wconf 83' lang='lat' dir='ltr'>personalis</span> 
     </span>
     <span class='ocr_line' id='line_1_29' title="bbox 381 2805 722 2864; baseline -0.006 0"><span class='ocrx_word' id='word_1_92' title='bbox 381 2807 548 2864; x_wconf 83' lang='lat' dir='ltr'>Amborum</span> <span class='ocrx_word' id='word_1_93' title='bbox 563 2805 722 2862; x_wconf 76' lang='lat' dir='ltr'>distinctio,</span> 
     </span>
    </p>

    <p class='ocr_par' dir='ltr' id='par_1_11' title="bbox 341 2886 724 3106">
     <span class='ocr_line' id='line_1_30' title="bbox 341 2886 707 2962; baseline -0.005 -18"><span class='ocrx_word' id='word_1_94' title='bbox 341 2888 426 2944; x_wconf 87' lang='lat' dir='ltr'>Patri</span> <span class='ocrx_word' id='word_1_95' title='bbox 440 2907 558 2962; x_wconf 83' lang='lat' dir='ltr'>compar</span> <span class='ocrx_word' id='word_1_96' title='bbox 571 2886 707 2960; x_wconf 85' lang='lat' dir='ltr'>Filioque</span> 
     </span>
     <span class='ocr_line' id='line_1_31' title="bbox 384 2968 724 3044; baseline -0.003 -19"><span class='ocrx_word' id='word_1_97' title='bbox 384 2968 532 3044; x_wconf 83' lang='lat' dir='ltr'>Spiritalis</span> <span class='ocrx_word' id='word_1_98' title='bbox 546 2969 583 3024; x_wconf 90' lang='lat' dir='ltr'>ab</span> <span class='ocrx_word' id='word_1_99' title='bbox 597 2973 724 3042; x_wconf 83' lang='lat' dir='ltr'>utroque</span> 
     </span>
     <span class='ocr_line' id='line_1_32' title="bbox 384 3048 686 3106; baseline -0.007 0"><span class='ocrx_word' id='word_1_100' title='bbox 384 3049 522 3106; x_wconf 85' lang='lat' dir='ltr'>Procedit</span> <span class='ocrx_word' id='word_1_101' title='bbox 536 3048 686 3105; x_wconf 83' lang='lat' dir='ltr'>connexio.</span> 
     </span>
    </p>

    <p class='ocr_par' dir='ltr' id='par_1_12' title="bbox 343 3128 745 3366">
     <span class='ocr_line' id='line_1_33' title="bbox 343 3128 733 3205; baseline -0.008 -18"><span class='ocrx_word' id='word_1_102' title='bbox 343 3130 442 3205; x_wconf 84' lang='lat' dir='ltr'>Digne</span> <span class='ocrx_word' id='word_1_103' title='bbox 457 3130 538 3205; x_wconf 88' lang='lat' dir='ltr'>loqui</span> <span class='ocrx_word' id='word_1_104' title='bbox 551 3130 587 3186; x_wconf 89' lang='lat' dir='ltr'>de</span> <span class='ocrx_word' id='word_1_105' title='bbox 601 3128 733 3204; x_wconf 87' lang='lat' dir='ltr'>personis</span> 
     </span>
     <span class='ocr_line' id='line_1_34' title="bbox 385 3209 745 3268; baseline -0.008 -1"><span class='ocrx_word' id='word_1_106' title='bbox 385 3211 456 3268; x_wconf 92' lang='lat' dir='ltr'>Non</span> <span class='ocrx_word' id='word_1_107' title='bbox 470 3211 606 3267; x_wconf 88' lang='lat' dir='ltr'>humanae</span> <span class='ocrx_word' id='word_1_108' title='bbox 621 3209 745 3265; x_wconf 88' lang='lat' dir='ltr'>rationis</span> 
     </span>
     <span class='ocr_line' id='line_1_35' title="bbox 385 3291 678 3366; baseline -0.007 -18"><span class='ocrx_word' id='word_1_109' title='bbox 385 3292 477 3349; x_wconf 90' lang='lat' dir='ltr'>Valet</span> <span class='ocrx_word' id='word_1_110' title='bbox 490 3291 678 3366; x_wconf 81' lang='lat' dir='ltr'>imperfectio</span> 
     </span>
    </p>

    <p class='ocr_par' dir='ltr' id='par_1_13' title="bbox 346 3372 800 3591">
     <span class='ocr_line' id='line_1_36' title="bbox 346 3372 800 3449; baseline -0.007 -20"><span class='ocrx_word' id='word_1_111' title='bbox 346 3373 418 3449; x_wconf 80' lang='lat' dir='ltr'>Spes</span> <span class='ocrx_word' id='word_1_112' title='bbox 432 3378 580 3448; x_wconf 85' lang='lat' dir='ltr'>exsurgat,</span> <span class='ocrx_word' id='word_1_113' title='bbox 595 3372 666 3428; x_wconf 86' lang='lat' dir='ltr'>fides</span> <span class='ocrx_word' id='word_1_114' title='bbox 681 3375 800 3442; x_wconf 83' lang='lat' dir='ltr'>crescat,</span> 
     </span>
     <span class='ocr_line' id='line_1_37' title="bbox 387 3453 743 3511; baseline -0.008 0"><span class='ocrx_word' id='word_1_115' title='bbox 387 3453 434 3511; x_wconf 86' lang='lat' dir='ltr'>Ut</span> <span class='ocrx_word' id='word_1_116' title='bbox 447 3455 488 3510; x_wconf 86' lang='lat' dir='ltr'>sic</span> <span class='ocrx_word' id='word_1_117' title='bbox 502 3454 586 3510; x_wconf 87' lang='lat' dir='ltr'>nobis</span> <span class='ocrx_word' id='word_1_118' title='bbox 600 3454 743 3510; x_wconf 84' lang='lat' dir='ltr'>elucescat</span> 
     </span>
     <span class='ocr_line' id='line_1_38' title="bbox 387 3533 672 3591; baseline -0.004 0"><span class='ocrx_word' id='word_1_119' title='bbox 387 3533 486 3591; x_wconf 72' lang='lat' dir='ltr'>Vera*</span> <span class='ocrx_word' id='word_1_120' title='bbox 501 3534 575 3591; x_wconf 86' lang='lat' dir='ltr'>lucis</span> <span class='ocrx_word' id='word_1_121' title='bbox 589 3534 672 3590; x_wconf 88' lang='lat' dir='ltr'>visio.</span> 
     </span>
    </p>

    <p class='ocr_par' dir='ltr' id='par_1_14' title="bbox 346 3615 746 3834">
     <span class='ocr_line' id='line_1_39' title="bbox 346 3615 746 3691; baseline -0.003 -20"><span class='ocrx_word' id='word_1_122' title='bbox 346 3616 385 3671; x_wconf 89' lang='lat' dir='ltr'>In</span> <span class='ocrx_word' id='word_1_123' title='bbox 399 3635 450 3691; x_wconf 91' lang='lat' dir='ltr'>spe</span> <span class='ocrx_word' id='word_1_124' title='bbox 463 3621 577 3672; x_wconf 86' lang='lat' dir='ltr'>mentes</span> <span class='ocrx_word' id='word_1_125' title='bbox 591 3615 746 3690; x_wconf 84' lang='lat' dir='ltr'>erigamus,</span> 
     </span>
     <span class='ocr_line' id='line_1_40' title="bbox 387 3696 743 3753; baseline -0.003 -1"><span class='ocrx_word' id='word_1_126' title='bbox 387 3696 428 3752; x_wconf 85' lang='lat' dir='ltr'>Et</span> <span class='ocrx_word' id='word_1_127' title='bbox 441 3697 474 3752; x_wconf 92' lang='lat' dir='ltr'>in</span> <span class='ocrx_word' id='word_1_128' title='bbox 488 3716 558 3752; x_wconf 85' lang='lat' dir='ltr'>vera</span> <span class='ocrx_word' id='word_1_129' title='bbox 572 3715 743 3753; x_wconf 85' lang='lat' dir='ltr'>maneamus</span> 
     </span>
     <span class='ocr_line' id='line_1_41' title="bbox 388 3776 647 3834; baseline 0.004 -1"><span class='ocrx_word' id='word_1_130' title='bbox 388 3777 475 3834; x_wconf 83' lang='lat' dir='ltr'>Fidei</span> <span class='ocrx_word' id='word_1_131' title='bbox 488 3776 647 3834; x_wconf 84' lang='lat' dir='ltr'>concordia</span> 
     </span>
    </p>

    <p class='ocr_par' dir='ltr' id='par_1_15' title="bbox 348 3856 821 4095">
     <span class='ocr_line' id='line_1_42' title="bbox 348 3856 728 3926; baseline -0.005 -12"><span class='ocrx_word' id='word_1_132' title='bbox 348 3857 394 3914; x_wconf 81' lang='lat' dir='ltr'>Sit</span> <span class='ocrx_word' id='word_1_133' title='bbox 407 3859 472 3914; x_wconf 87' lang='lat' dir='ltr'>laus</span> <span class='ocrx_word' id='word_1_134' title='bbox 485 3857 581 3915; x_wconf 88' lang='lat' dir='ltr'>omnis</span> <span class='ocrx_word' id='word_1_135' title='bbox 595 3856 728 3926; x_wconf 87' lang='lat' dir='ltr'>Unitati,</span> 
     </span>
     <span class='ocr_line' id='line_1_43' title="bbox 389 3934 783 4014; baseline -0.01 -19"><span class='ocrx_word' id='word_1_136' title='bbox 389 3938 493 4014; x_wconf 87' lang='lat' dir='ltr'>Sitque</span> <span class='ocrx_word' id='word_1_137' title='bbox 507 3958 628 3995; x_wconf 83' lang='lat' dir='ltr'>summae</span> <span class='ocrx_word' id='word_1_138' title='bbox 640 3934 783 3993; x_wconf 84' lang='lat' dir='ltr'>Trinitati</span> 
     </span>
     <span class='ocr_line' id='line_1_44' title="bbox 390 4014 821 4095; baseline -0.005 -18"><span class='ocrx_word' id='word_1_139' title='bbox 390 4019 554 4077; x_wconf 73' lang='lat' dir='ltr'>(lo-aeterna</span> <span class='ocrx_word' id='word_1_140' title='bbox 570 4018 670 4095; x_wconf 86' lang='lat' dir='ltr'>gloria.</span> <span class='ocrx_word' id='word_1_141' title='bbox 703 4014 821 4075; x_wconf 72' lang='lat' dir='ltr'>&#39;Amen</span> 
     </span>
    </p>
   </div>
   <div class='ocr_carea' id='block_1_5' title="bbox 96 4148 661 4226">
    <p class='ocr_par' dir='ltr' id='par_1_16' title="bbox 96 4148 661 4226">
     <span class='ocr_line' id='line_1_45' title="bbox 96 4148 661 4226; baseline -0.007 -17"><span class='ocrx_word' id='word_1_142' title='bbox 96 4173 122 4211; x_wconf 84' lang='lat' dir='ltr'>m</span> <span class='ocrx_word' id='word_1_143' title='bbox 136 4150 201 4210; x_wconf 80' lang='lat' dir='ltr'>olio</span> <span class='ocrx_word' id='word_1_144' title='bbox 214 4170 270 4226; x_wconf 81' lang='lat' dir='ltr'>pro</span> <span class='ocrx_word' id='word_1_145' title='bbox 285 4149 456 4208; x_wconf 75' lang='lat' dir='ltr'>Dominicis.</span> <span class='ocrx_word' id='word_1_146' title='bbox 499 4148 661 4224; x_wconf 76' lang='lat' dir='ltr'>Sequentia.</span> 
     </span>
    </p>
   </div>
   <div class='ocr_carea' id='block_1_6' title="bbox 350 4242 766 4462">
    <p class='ocr_par' dir='ltr' id='par_1_17' title="bbox 350 4242 766 4462">
     <span class='ocr_line' id='line_1_46' title="bbox 350 4242 700 4300; baseline -0.011 0"><span class='ocrx_word' id='word_1_147' title='bbox 350 4243 528 4300; x_wconf 84' lang='lat' dir='ltr'>Profitentes</span> <span class='ocrx_word' id='word_1_148' title='bbox 542 4242 700 4300; x_wconf 84' lang='lat' dir='ltr'>Unitatem</span> 
     </span>
     <span class='ocr_line' id='line_1_47' title="bbox 390 4322 766 4382; baseline -0.005 -2"><span class='ocrx_word' id='word_1_149' title='bbox 390 4324 576 4382; x_wconf 88' lang='lat' dir='ltr'>Veneremur</span> <span class='ocrx_word' id='word_1_150' title='bbox 589 4322 766 4379; x_wconf 83' lang='lat' dir='ltr'>Trinitatem</span> 
     </span>
     <span class='ocr_line' id='line_1_48' title="bbox 393 4404 649 4462; baseline -0.004 -1"><span class='ocrx_word' id='word_1_151' title='bbox 393 4405 464 4462; x_wconf 83' lang='lat' dir='ltr'>Pari</span> <span class='ocrx_word' id='word_1_152' title='bbox 477 4404 649 4462; x_wconf 89' lang='lat' dir='ltr'>reverentia.</span> 
     </span>
    </p>
   </div>
   <div class='ocr_carea' id='block_1_7' title="bbox 343 4513 688 4560">
    <p class='ocr_par' dir='ltr' id='par_1_18' title="bbox 343 4513 688 4560">
     <span class='ocr_line' id='line_1_49' title="bbox 343 4513 688 4560; baseline 0.009 -3"><span class='ocrx_word' id='word_1_153' title='bbox 343 4515 355 4541; x_wconf 68' lang='lat'>³</span> <span class='ocrx_word' id='word_1_154' title='bbox 372 4513 412 4559; x_wconf 83' lang='lat' dir='ltr'>Sic</span> <span class='ocrx_word' id='word_1_155' title='bbox 422 4515 494 4560; x_wconf 75' lang='lat' dir='ltr'>MSS.</span> <span class='ocrx_word' id='word_1_156' title='bbox 526 4515 688 4560; x_wconf 60' lang='lat' dir='ltr'>Edu—verce.</span> 
     </span>
    </p>
   </div>
   <div class='ocr_carea' id='block_1_8' title="bbox 0 0 1464 4986">
    <p class='ocr_par' dir='ltr' id='par_1_19' title="bbox 0 0 1464 4986">
     <span class='ocr_line' id='line_1_50' title="bbox 0 0 1464 4986; baseline 0 0"><span class='ocrx_word' id='word_1_157' title='bbox 0 0 1464 4986; x_wconf 95' lang='lat' dir='ltr'> </span> 
     </span>
    </p>
   </div>
  </div>
 </body>
</html>
