2918 4986
213 334 233 395 2
594 323 820 390 DominicaI.
837 322 1019 388 Admittas.

273 475 637 578 Euartpillamsecandum
650 491 825 549 Mattianum
838 490 913 567 (ami
932 489 1005 566 1-9)

272 575 313 632 In
326 568 538 651 illusteruporc,
554 572 630 630 (lum
646 572 908 648 appropinquasset
923 570 946 627 J
946 589 1011 629 esus
1032 567 1251 645 Hierosolymis
1273 591 1367 648 usque
1380 573 1416 629 ad

213 644 401 729 Benaulut,
416 656 468 731 qui
481 653 564 711 venit
582 654 615 711 in
627 653 747 710 nomine
761 651 891 709 Domini

218 791 226 808 ,
354 756 377 794 o.

232 812 467 892 ⁰⁶·‚Offertorium

163 904 234 979 .·.‘·
256 897 327 962 ,nd
347 905 386 969 te,
408 895 545 967 Domine,
566 894 664 953 levavi
682 894 813 951 animam
832 912 949 951 meam:
970 892 1053 950 Deus
1073 910 1164 964 meus,
1188 896 1221 953 in
1241 900 1275 953 te
1296 895 1416 967 confido,

135 982 276 1042 .·..·“nbn
289 979 477 1036 erubescam:
497 995 592 1052 neque
605 975 749 1033 irrideant
761 994 808 1033 me
821 973 935 1031 inimici
949 974 1016 1046 mei,
1031 975 1142 1032 etenim
1161 976 1298 1035 universi
1318 977 1371 1054 qui
1389 984 1417 1035 ta
1450 997 1454 1007 ¹

124 1054 156 1124 ’,ἶ
169 1050 375 1136 .J'‘expectant
388 1077 449 1116 non
462 1056 687 1115 confundentur.

151 1130 164 1175 ’·
276 1138 396 1197 Secreta.

278 1220 353 1278 Haec
373 1238 454 1276 sacra
472 1237 535 1290 nos,
549 1217 686 1289 Domine,
701 1216 816 1292 potenti
829 1214 942 1272 virtuto
960 1215 1124 1290 mundatos,
1139 1217 1178 1275 ad
1198 1238 1288 1276 sirum
1308 1219 1415 1278 faciant

216 1301 349 1379 puriores
362 1300 463 1358 venire
476 1299 663 1377 principium,
678 1297 841 1356 Dominum
854 1301 989 1354 nostrum
1002 1297 1108 1364 «lesum
1122 1298 1285 1357 Christum.

280 1381 458 1441 Communia.

278 1462 426 1519 Dominus
439 1462 522 1519 dabit
534 1460 749 1538 benignitatem
762 1479 768 1515 :
789 1464 820 1516 et
832 1463 912 1516 tenu
924 1464 1026 1516 nostra
1038 1459 1121 1517 dabit
1134 1459 1267 1518 fructum
1280 1481 1379 1521 suum

278 1543 520 1601 Postcommunio.

279 1624 485 1700 suscipiamus,
501 1622 638 1692 Domine,
652 1619 880 1676 miscu'cordiam
900 1625 984 1676 tuam
1004 1620 1035 1677 in
1056 1621 1153 1679 medio
1173 1621 1279 1698 templi
1300 1623 1371 1684 tui:
1390 1630 1418 1682 et

217 1705 411 1782 reparationis
430 1709 538 1760 nostrae
559 1707 685 1758 ventura
705 1699 858 1757 sollemnia
877 1700 1013 1778 congruis
1032 1701 1193 1760 honoribus
1212 1704 1418 1780 praecedamus.

220 1786 280 1844 Per
293 1786 464 1843 Dominum

676 1903 776 1960 Fama
804 1902 956 1962 Saeuum.

281 2024 421 2098 Officium.
464 2021 516 2079 Ad
530 2021 679 2079 toleravi.

279 2107 327 2164 Ps.
371 2104 446 2161 Vias
464 2109 539 2173 tuas,
555 2102 690 2160 Domine.

279 2184 387 2242 Statim
399 2184 530 2258 sequitur
551 2182 654 2240 Gloria
673 2183 765 2240 Patri.
808 2182 922 2241 Deinde
941 2193 1089 2259 repetatur
1105 2185 1247 2260 Offirimn,
1269 2191 1351 2264 quod
1368 2211 1422 2267 per

219 2276 311 2325 totum
331 2285 446 2322 annum
465 2265 624 2322 observetur
643 2264 677 2320 in
697 2263 778 2321 omni
796 2262 919 2322 Seruilio
938 2265 1030 2322 trium
1043 2265 1222 2339 Lectrbnum,
1237 2269 1296 2328 sice
1312 2269 1423 2330 atem

218 2348 330 2423 rapitur
342 2347 399 2404 sive
412 2365 479 2416 naa,
496 2353 557 2401 tam
572 2346 607 2402 <le
625 2344 791 2420 Temporalr'
810 2365 901 2419 quam
916 2346 951 2403 de
966 2344 1060 2404 Eestis
1078 2347 1362 2421 Summuranum
1378 2353 1423 2410 ela

218 2448 239 2485 a
265 2427 427 2484 Natiuitatis
458 2425 580 2482 Domini
610 2434 729 2500 sumpta.
789 2424 900 2482 Eamen
926 2427 1072 2484 omittitur
1100 2427 1201 2487 Gloria
1228 2429 1318 2490 Patri
1339 2433 1424 2509 infra

195 2580 198 2586 ι
218 2508 395 2580 Passionem,
411 2515 436 2564 et
452 2507 487 2564 in
500 2505 601 2562 Missis
608 2526 665 2581 pro
679 2504 841 2580 Defunctis,
856 2515 891 2564 ut
909 2527 1000 2582 supra
1013 2508 1047 2564 in
1060 2508 1217 2569 Dominica
1229 2520 1361 2572 notatim.

281 2588 388 2647 Oratio.
425 2587 540 2656 Excita,
553 2586 691 2658 Domine,
705 2587 877 2662 potentiam,
887 2597 922 2645 ut
935 2608 1034 2663 supra.
1066 2588 1109 2646 Et
1122 2591 1265 2650 dicuntur
1277 2596 1424 2654 naemmia

218 2671 253 2728 cle
267 2669 398 2727 Domina
411 2677 436 2725 et
450 2668 583 2725 amamus
592 2666 708 2724 Sanctis
718 2687 782 2741 qua
792 2667 919 2725 dicendae
932 2678 1002 2726 sunt
1012 2669 1136 2744 sircpulis
1145 2672 1246 2731 dabra
1255 2673 1425 2735 renatam

217 2771 308 2826 usque
322 2751 362 2808 ael
377 2749 513 2824 Viqiliam
523 2747 698 2805 Natiuitatis
713 2747 856 2807 Domini:
877 2748 960 2824 infra
975 2749 1098 2808 Oetaeas
1113 2772 1178 2810 cero
1191 2755 1288 2813 saneti
1297 2755 1426 2816 Andreas

212 2841 281 2908 post
293 2831 462 2889 menatem
479 2831 514 2887 ele
532 2829 662 2887 Domina
674 2831 734 2904 fiat
754 2829 789 2885 ele
802 2849 832 2886 eo
845 2831 1006 2890 memoria:
1027 2833 1112 2889 tertia
1127 2853 1184 2908 pro
1199 2855 1274 2910 pace
1287 2837 1335 2894 uel
1352 2839 1423 2910 alra,

212 2923 304 2989 prosa
330 2911 484 2970 Sececentrr
510 2911 659 2985 assipnare
685 2909 829 2979 uoluerit,·
863 2920 972 2985 quarta
999 2912 1189 2971 coruludatur
1222 2916 1258 2975 de
1288 2919 1425 2978 omnibus

217 2993 342 3067 Sanctis,
357 3015 422 3069 quoe
435 2993 574 3051 memoria
587 3012 696 3068 semper
709 2991 763 3049 erit
777 2991 890 3050 ultima.

278 3075 419 3151 Epistola.
464 3074 595 3131 Scientes
608 3074 679 3150 quia
692 3073 765 3130 hora
783 3076 834 3130 est.

279 3156 412 3214 Gradals.
456 3155 607 3214 Universi.

283 3235 313 3294 V.
356 3236 431 3292 Vias
444 3240 517 3291 tuas.

278 3315 348 3374 Non
363 3323 509 3390 repetatur
527 3313 653 3371 Gradale
667 3324 735 3389 post
754 3334 843 3373 suum
862 3314 1002 3374 Versum:
1026 3318 1105 3392 quod
1119 3338 1174 3393 per
1193 3326 1288 3379 totum
1307 3342 1425 3382 mean

217 3396 376 3454 observetur
389 3396 424 3453 in
437 3394 517 3452 omni
529 3393 652 3451 Seruitia
667 3395 759 3452 trium
776 3395 955 3468 Eectionum,
972 3405 1032 3454 tam
1046 3399 1081 3456 cle
1098 3398 1264 3475 Temporali
1283 3422 1378 3478 quam
1389 3405 1425 3462 cle

216 3475 309 3535 Eratis
332 3474 515 3571 Sanctarumf
541 3475 660 3549 quando
683 3474 825 3551 Alleluya
847 3476 979 3551 sequitur
1001 3478 1046 3536 uel
1069 3479 1200 3551 Tractus,
1225 3481 1285 3540 siae
1310 3482 1426 3543 Chorus

216 3558 327 3632 rapitur
346 3557 403 3615 sive
423 3575 491 3626 non,
506 3563 586 3612 santa
601 3554 648 3611 dre
664 3575 684 3611 a
702 3555 865 3614 Natiuitate
878 3556 1002 3615 Domini
1021 3569 1155 3635 accepta:
1184 3581 1236 3621 nec
1255 3563 1291 3620 in
1311 3562 1423 3638 Mases,
1443 3597 1447 3606 ·

217 3658 282 3713 qace
301 3639 335 3695 in
352 3635 487 3712 Capitulo
507 3636 649 3693 dicuntur
661 3636 696 3692 in
708 3635 873 3695 Dominicis
889 3647 915 3695 et
934 3639 969 3695 in
983 3641 1213 3715 processionibus
1228 3645 1371 3704 ucetiam
1390 3647 1425 3704 in

216 3717 312 3777 Eeriis
327 3718 473 3790 Quanam
484 3717 666 3792 Tempcrnm,
678 3717 713 3774 in
725 3718 831 3793 quibus
846 3717 990 3778 Gradalia
1003 3741 1068 3796 qua
1075 3724 1247 3798 praecedunt
1256 3723 1425 3802 Episwlam

217 3800 350 3857 similiter
363 3818 423 3856 nrm
431 3806 612 3873 repetuntur.
1210 3802 1213 3809 '

277 3880 427 3955 Alleluya.
477 3878 507 3938 V.
550 3878 680 3936 Ostende
693 3880 787 3938 nobis.

276 3961 347 4019 Post
375 3960 493 4019 Vernun
506 3968 661 4036 repetatur,
676 3960 825 4037 Alleluya

276 4041 406 4099 Initium
438 4039 541 4098 Sancti
573 4040 728 4115 annpelii
760 4043 919 4100 secundum
952 4043 1092 4103 Marcum
1126 4045 1160 4125 (i.
1198 4047 1274 4126 2-8).
1336 4049 1422 4110 Sicut

217 4122 366 4199 Scriptum
381 4121 471 4178 estin
486 4121 574 4180 Esaia
588 4122 738 4199 Propheta
751 4144 841 4198 usque
854 4125 895 4181 acl
913 4125 1075 4202 baptizabit
1092 4147 1145 4185 vos
1163 4128 1279 4205 Spiritu
1300 4129 1420 4205 Sancto,

216 4213 242 4262 et
256 4213 354 4274 cetera,
369 4212 404 4260 ut
417 4203 451 4260 in
464 4202 627 4260 Dominica.

274 4285 315 4342 Et
335 4282 499 4341 notandum
519 4292 565 4354 est,
580 4284 658 4357 quod
678 4285 705 4341 si
724 4285 758 4342 in
777 4294 885 4360 quarta
903 4287 948 4345 uel
958 4297 1038 4345 senta
1053 4288 1142 4347 Eeria
1158 4290 1279 4366 aliquod
1299 4291 1422 4354 Eestam

214 4365 370 4441 contiperit,
385 4366 463 4423 unde
475 4365 547 4440 pieri
560 4365 657 4422 debeat
670 4364 835 4438 Servitium,
851 4375 921 4426 tunc
934 4368 1068 4444 Epistola
1081 4379 1108 4427 et
1121 4371 1315 4448 Evanpelium
1335 4376 1422 4434 dictae

213 4447 306 4507 Eerioe
319 4445 378 4504 alic
392 4446 438 4506 die
452 4447 593 4524 luuntur,
606 4445 709 4506 scilicet
723 4446 856 4522 Epistola
869 4457 896 4508 ct
909 4448 1103 4526 Evanpelium
1116 4453 1151 4512 de
1164 4461 1272 4528 quarta
1283 4455 1374 4516 Eeria
1386 4457 1422 4516 in
