2918 4986
437 332 461 395 Ι
459 354 485 395 ra
499 329 687 396 Natiuitate
701 329 853 397 Domini.

108 497 280 580 [Inferiores
295 499 426 557 Hectorea
439 497 539 556 dicarat
554 496 680 557 (ia-adalo
693 499 727 556 ira
735 498 970 575 pulpita-MS
987 499 1039 581 Ι).]

109 591 243 650 Gradale.

107 673 288 731 Benedictus
318 672 370 748 qui
399 672 482 729 venit
515 672 548 729 in
582 673 701 731 nomine
729 674 876 732 Domini:
917 675 999 732 Deus
1030 675 1184 748 Dominus,
1220 681 1250 735 et

44 754 151 813 illuxit
170 754 263 811 nobis.

51 835 82 895 V.
104 837 138 894 A
161 835 291 894 Domino
312 833 423 891 factum
448 840 509 891 est:
539 839 570 891 et
594 841 638 892 est
656 835 791 894 mirabile
809 837 842 893 in
863 836 953 894 oculis
973 837 1089 895 nostris.
1189 868 1194 875 ·

73 1015 80 1031 ·
108 932 279 1016 [Repetotur
305 931 431 989 Gradale
452 941 520 1007 post
549 933 673 992 Versum.
725 932 838 991 Deinde
860 934 918 991 duo
942 934 1100 1009 superiores
1123 934 1250 993 Raetorea

46 1012 262 1170 dszlfielffi·
276 1009 333 1151 Did.
358 1093 504 1151 Dominus
524 1095 669 1170 regnavit,
690 1095 824 1152 decorem
840 1094 957 1152 induit:
981 1094 1081 1152 induit
1101 1062 1248 1153 Dominus

45 1175 263 1246 fortitudinem,
278 1180 310 1231 et
322 1174 480 1250 praecinxit
493 1194 524 1232 se
537 1176 658 1244 virtute.

108 1270 275 1354 [Reiuoepto
317 1270 460 1348 Alleluya
495 1290 516 1330 a
549 1271 724 1344 Rectora'braa,
759 1272 922 1348 incapiatar
952 1293 971 1330 a
1004 1273 1171 1332 ›S'accentore
1201 1272 1248 1332 Se·

47 1351 281 1432 quentia-MS.
298 1349 351 1430 Ι).]

108 1449 272 1527 Sequentia.

169 1530 369 1589 Laetabundus
382 1531 497 1589 exultet
510 1529 604 1589 fidelis
617 1532 731 1603 chorus,
748 1531 896 1607 Alleluya.

169 1613 282 1689 Regem
295 1630 397 1688 regum
411 1613 530 1670 intactae
543 1613 676 1689 profudit
689 1619 772 1669 torus
785 1632 832 1670 res
845 1612 987 1669 miranda.

168 1692 304 1769 Angelus
317 1692 431 1750 consilii
444 1699 532 1750 natus
546 1699 590 1751 est
604 1694 640 1751 de
653 1694 776 1770 virgine,
791 1692 834 1750 sol
847 1693 883 1750 de
897 1693 989 1752 stella.

119 1808 121 1812 ,
169 1774 219 1832 Sol
233 1791 365 1830 occasum
379 1774 519 1847 nesciens,
534 1773 619 1832 stella
631 1793 746 1851 semper
758 1773 893 1845 rutilans,
908 1793 1022 1850 semper
1035 1772 1120 1831 olera.

170 1855 253 1913 Siout
267 1853 346 1910 sidus
360 1854 482 1927 radium,
498 1855 610 1931 profert
622 1855 706 1931 virgo
720 1854 823 1926 filium,
839 1854 903 1931 pari
916 1854 1017 1912 forma.

168 1935 275 2011 Neque
288 1933 368 1990 sidus
382 1935 471 2006 radio,
487 1955 583 2011 neque
597 1942 693 1992 mater
705 1935 775 2007 filio,
790 1935 826 1992 fit
838 1942 984 2011 corrupta.

169 2016 281 2074 Gedrus
294 2015 355 2071 alta
369 2016 476 2073 Libani
490 2016 691 2073 conformatur
703 2015 829 2092 hyssopo
844 2015 920 2073 valle
934 2021 1043 2073 nostra.

168 2096 304 2154 Verbum
318 2114 370 2153 ens
383 2096 519 2154 altissimi
533 2097 676 2173 corporali
695 2116 814 2172 passum
828 2103 872 2154 est
886 2116 972 2154 carne
985 2104 1110 2173 sumpta.

168 2177 269 2236 Esaias
282 2175 416 2250 cecinit*
440 2197 587 2254 synagoga
607 2177 751 2249 meminit,
773 2196 926 2252 nunquam
947 2183 1048 2235 tamen
1066 2177 1175 2237 desinit
1189 2199 1249 2239 esse

247 2277 322 2316 caeca
333 2278 342 2331 ;

165 2338 198 2398 si
211 2359 271 2396 non
284 2341 345 2397 suis
358 2338 485 2410 vatibus,
499 2338 599 2396 eredat
619 2339 667 2396 vel
687 2338 856 2416 gentilibus,
872 2338 1026 2416 Sibyllinis
1040 2341 1173 2399 versibus
1187 2342 1248 2400 haec

264 2421 404 2480 raediota:
470 2424 472 2430 ’

168 2441 281 2559 Infelix
293 2521 424 2579 propera,
441 2500 524 2558 erede
539 2500 586 2557 vel
599 2506 699 2558 vetera
709 2520 718 2573 ;
745 2520 798 2559 our
810 2500 1004 2574 damnaberis,
1020 2521 1091 2579 gens
1104 2503 1217 2562 misera

169 2583 263 2653 Quem
278 2583 362 2640 docet
375 2583 470 2655 litera,
485 2588 590 2639 natum
604 2581 773 2639 considera:
796 2581 900 2657 Ipsum
914 2583 1018 2658 genuit
1031 2603 1182 2660 puerpera.

110 2732 315 2814 [Eaauyebiam
321 2732 413 2821 juata
424 2729 526 2789 Altera
540 2728 774 2789 dicatum-MS.
791 2727 845 2810 D.]

108 2828 274 2888 Secundum
291 2828 400 2886 laeam
412 2827 462 2905 (a'a‘.
481 2826 595 2905 15-20).

109 2911 148 2968 In
175 2910 227 2968 illo
253 2915 394 2986 tempore,
422 2909 558 2966 Pastores
589 2907 787 2983 loquebantur
813 2907 852 2965 ad
878 2906 1005 2963 invicem
1032 2926 1122 2982 araque
1150 2911 1190 2966 ad
1217 2917 1247 2968 et

58 2990 194 3062 viderant,
217 2991 293 3048 sieut
320 2990 433 3048 dietum
460 2995 504 3047 est
532 2988 571 3045 ad
598 2987 672 3044 illos.

110 3072 212 3132 credo.

102 3170 134 3238 ,0
155 3170 302 3228 arterium.

47 3314 52 3325 ,
108 3172 191 3310 Βζιιε
214 3251 294 3309 enim
314 3248 445 3307 firmavit
468 3249 570 3306 orbem
590 3252 684 3317 terrae,
704 3245 756 3322 qui
775 3265 837 3303 non
860 3247 1111 3306 commovebitur:
1145 3256 1248 3326 parata

57 3332 130 3391 sedas
144 3339 206 3404 tua,
220 3331 312 3406 Deus,
326 3335 449 3389 extunc
460 3349 469 3402 3
492 3349 511 3387 a
524 3327 629 3386 saeculo
642 3334 677 3385 tu
691 3346 729 3385 es.

108 3411 228 3474 Secreta.

70 3482 73 3490 ¹
108 3494 238 3553 Munera
256 3499 365 3566 nostra,
388 3511 563 3567 quaesumus,
585 3490 722 3560 Domine,
744 3488 912 3547 nativitatis
931 3490 1081 3549 hodiernae
1101 3493 1250 3568 mysteriis

56 3582 119 3652 apta
137 3575 334 3653 proveniant:
359 3579 394 3630 ut
415 3573 490 3630 siout
510 3571 598 3629 homo
620 3571 737 3647 genitus
759 3569 838 3627 idem
854 3570 970 3629 refulsit
991 3572 1083 3644 Deus,
1104 3574 1145 3631 sio
1165 3574 1250 3632 nobis

55 3653 111 3715 haee
123 3661 242 3714 terrena
254 3653 420 3712 substantia
434 3652 564 3710 conferat
577 3651 657 3727 quod
670 3650 805 3708 divinum
820 3657 872 3709 est.

108 3736 180 3794 Alia
200 3735 320 3794 Secreta.

108 3817 229 3894 Aooipe,
253 3834 428 3892 quaesumus,
454 3815 590 3893 Domine,
619 3833 743 3871 munera
770 3813 927 3890 dignanter
950 3814 1068 3872 oblata:
1099 3821 1129 3873 et
1155 3817 1248 3874 beatae

57 3898 215 3959 mesiae
223 3897 363 3973 martyris
375 3902 435 3953 tuae
446 3894 674 3971 suffragantibus
687 3894 801 3952 meritis
814 3895 852 3951 ad
865 3901 972 3952 nostrae
986 3896 1090 3954 salutis
1103 3897 1249 3954 auxilium

57 3980 202 4055 provenire
216 3978 347 4036 concede.
391 3976 449 4034 Per
462 3976 625 4033 Dominum
638 3981 780 4033 nostrum.
1048 4021 1051 4026 .
1337 4040 1338 4043 Ἴ

16 4102 19 4108 -
110 4058 260 4135 Proefatio.
308 4056 386 4128 Quia
404 4077 457 4134 per
476 4056 636 4114 Incarnati
691 4055 948 4114 communicantes
968 4063 999 4114 et
1020 4057 1097 4115 diem
1118 4058 1250 4117 saeratis-

59 4159 164 4202 smum.

110 4238 194 4322 [Haea
206 4236 350 4314 Praefatio
363 4244 389 4295 et
410 4235 667 4296 Communicantes
681 4235 820 4293 dicantar
832 4235 887 4294 laea
906 4235 953 4294 da‘e
973 4237 1013 4294 ad
1033 4257 1129 4295 manea
1141 4234 1250 4292 Missas

60 4330 80 4378 et
93 4342 146 4398 per
159 4331 233 4382 totas
248 4320 377 4391 Octavus,
393 4319 427 4375 de
441 4336 608 4393 quocunque
621 4319 662 4391 fit
675 4315 841 4390 Samiam,
856 4317 900 4375 uel
912 4318 947 4375 de
960 4336 1128 4394 quocunque
1142 4315 1249 4375 Sancto

405 4476 419 4502 '⁶
435 4475 487 4526 MS.
502 4475 529 4524 C.
542 4473 590 4520 ond
600 4473 660 4524 Edd.
675 4475 687 4518 1
698 4475 746 4521 end
756 4476 770 4521 3
780 4474 895 4534 praecinit.

444 4553 460 4594 0
