2886 4994
170 350 213 415 ol
341 345 443 412 Ferus
457 345 501 412 iv.
519 345 686 427 Quattuor
702 346 903 443 Temperatur
920 345 1198 432 Quadrayesimoe.

168 520 223 574 tuo
235 512 379 573 desiderio
392 512 511 590 fulgeat,
523 532 590 590 quae
603 533 634 570 se
647 512 743 569 carnis
756 512 952 570 maceratione
965 513 1096 591 castigat.
1133 513 1192 572 Per
1205 514 1373 574 Dominum

169 601 305 653 neutrum
318 594 339 653 J
341 613 423 651 esum
438 594 591 651 Christum
603 593 716 650 Filium
729 600 823 650 tuum.
868 593 929 663 Qui
942 600 1047 652 tecum.

233 675 326 733 luctis
339 674 437 731 Esaia
450 674 599 749 Propheta
619 674 672 750 (lv.
690 674 784 751 6-11)

231 754 271 814 In
291 755 394 813 diebus
416 754 485 826 illis,
506 755 636 812 Locutus
657 760 701 811 est
721 755 823 812 Esaia
843 755 993 831 propheta,
1016 755 1115 813 dicens
1125 775 1134 829 ;
1159 756 1292 826 Quaerite
1312 760 1374 816 Do-

171 836 294 906 minum,
315 835 388 893 dum
407 835 536 893 inveniri
556 841 653 912 potest
676 856 766 910 usqae
787 836 827 892 ao
847 835 898 893 sed
917 836 1005 893 faciet
1025 855 1206 914 quaecunque
1227 839 1318 912 volui,
1342 847 1373 898 et

171 916 392 996 prosperabitur
404 917 437 973 in
450 916 505 989 his,
520 917 558 974 ad
572 936 637 992 quae
651 917 719 973 misi
732 916 814 986 illud,
828 917 872 973 ait
886 917 1033 974 Dominus
1046 918 1240 994 omnipotens.

234 997 367 1057 Urudolo.

233 1077 390 1155 Dirigatur
402 1077 498 1136 oratio
510 1097 576 1135 mea
588 1077 665 1136 sicut
678 1077 830 1135 incensum
843 1078 875 1135 in
890 1083 1046 1154 conspectu
1060 1084 1122 1151 tuo,
1138 1081 1275 1138 Domine.

181 1158 208 1219 V.
234 1157 370 1217 Elevatio
383 1178 525 1217 manuum
539 1178 670 1216 mearum
685 1158 860 1216 sacrificium
873 1159 1082 1234 vespertinum.

233 1239 400 1299 affectualem
413 1239 588 1297 Mattltaeara
608 1239 681 1316 (axi.
701 1239 813 1316 10-17).

235 1320 274 1379 In
294 1320 345 1378 illo
365 1327 506 1398 tempore,
529 1320 606 1378 (tum
626 1321 765 1377 intrasset
784 1321 873 1378 Jesus
894 1320 1141 1396 Hierosolymam,
1163 1329 1310 1379 commota
1330 1330 1375 1380 est

174 1401 312 1461 universa
324 1402 435 1475 civitas,
451 1402 569 1460 dicens:
591 1401 665 1471 Quis
678 1406 724 1458 est
736 1401 805 1458 hiel
828 1421 918 1475 aeque
935 1402 975 1458 ad
995 1402 1070 1458 abiit
1082 1402 1160 1459 foras
1174 1409 1260 1460 extra
1274 1404 1376 1461 civita-

173 1489 235 1543 tem
248 1484 280 1541 in
295 1482 491 1557 Bethaniam,¹
510 1483 610 1559 ibique
624 1482 742 1555 mansit,
758 1488 788 1538 et
802 1481 923 1539 docebat
938 1502 986 1539 eos
1000 1482 1036 1540 de
1049 1502 1140 1560 regno
1154 1483 1219 1540 Dei.

197 1570 201 1579 ’
235 1560 426 1639 Offertoriam.

234 1644 272 1703 In
286 1651 325 1717 te,
338 1645 474 1717 Domine,
487 1643 616 1720 speravi;
629 1643 703 1716 dixi,
715 1650 751 1700 tu
766 1663 796 1701 es
811 1644 893 1701 Deus
906 1663 988 1701 meus
1000 1664 1006 1701 ε
1026 1644 1060 1700 in
1073 1644 1210 1701 manibus
1224 1646 1286 1702 tuis
1299 1652 1375 1704 tem-

171 1744 242 1805 pora
256 1744 328 1784 moa

233 1807 354 1866 Semta.

233 1886 356 1959 Oblatis,
380 1904 556 1962 quaesumus,
579 1884 716 1956 Domine,
742 1885 856 1961 placare
879 1885 1061 1958 muneribus,
1085 1890 1116 1943 et
1138 1905 1157 1943 a
1180 1888 1296 1945 ermetis
1319 1908 1375 1946 nos

170 1965 293 2027 dolendo
307 1965 453 2044 periculis.
496 1965 554 2022 Por
568 1964 738 2023 Dominum.

233 2047 414 2107 (sumammuh.

230 2126 306 2186 (lum
320 2127 487 2185 invocarem
500 2132 540 2199 te,
552 2127 700 2184 exaudisti
713 2146 769 2199 me,
784 2129 866 2185 Deus
879 2128 1005 2203 justitiae
1020 2147 1110 2185 meae:
1131 2128 1163 2184 in
1177 2129 1373 2189 tribulatione

168 2206 301 2268 dilatasti
314 2227 381 2281 me,
400 2208 537 2266 miserere
551 2207 634 2281 mihi,
650 2208 786 2281 Domine,
803 2214 833 2265 et
845 2209 955 2266 exaudi
968 2210 1131 2266 orationem
1144 2229 1248 2268 meam.

233 2288 472 2348 I’ostumuaaar'o.

233 2370 414 2441 Quaesumus,
429 2369 615 2446 omnipotens
636 2370 725 2442 Deus,
741 2375 777 2426 ut
797 2369 877 2426 illius
898 2370 1034 2427 salutaris
1055 2371 1205 2446 capiamus
1225 2372 1374 2447 effectum,

170 2450 254 2529 cujus
268 2450 395 2529 perhanc
409 2451 549 2527 mysteria
562 2451 669 2527 pignus
683 2451 854 2527 accepimus.
898 2451 957 2508 Per
970 2451 1141 2508 Dominum.

231 2531 326 2608 altmar
339 2531 495 2607 I’rqtalcua.

231 2612 404 2671 Ascendent
418 2612 456 2670 ad
469 2618 508 2684 te,
526 2612 662 2684 Domine,
677 2632 776 2688 preces
790 2618 916 2670 nostrae:
938 2619 968 2670 et
981 2613 1018 2670 ab
1033 2612 1155 2671 ecclesia
1168 2620 1221 2672 tua
1234 2622 1375 2674 cunctam

171 2693 278 2772 repelle
292 2694 462 2771 nequitiam.
506 2692 566 2751 Per
580 2693 751 2753 Dominum.
1262 2700 1265 2706 ’

445 2863 546 2921 qun
567 2862 698 2932 Qunam
720 2861 887 2930 Quarruor
912 2861 1092 2919 Tauronuu.

232 2943 372 3021 Qlliciuat.
936 2945 938 2949 ’

230 3024 430 3084 Reminiscore
444 3024 666 3083 miserationum
680 3030 809 3095 tuarum,
822 3023 959 3092 Domine,
970 3027 1001 3079 et
1010 3021 1216 3080 misericordiae
1231 3029 1291 3081 tuae
1306 3033 1373 3100 quae

169 3126 187 3165 a
201 3107 306 3165 soeculo
320 3112 407 3165 sunt:
428 3125 466 3165 ne
482 3125 614 3183 unquam
634 3106 824 3162 dominentur
844 3104 930 3161 nobis
950 3103 1063 3160 inimici
1083 3103 1186 3175 nostri,
1201 3104 1295 3162 libera
1309 3125 1372 3178 nos,

173 3187 251 3247 Deus
266 3187 366 3259 Israel,
384 3207 420 3246 ox
435 3188 572 3245 omnibus
585 3186 731 3263 angustiis
744 3186 860 3244 nostris.

233 3268 374 3327 l'sulmus.

230 3348 281 3406 Ad
295 3355 334 3421 to,
347 3347 483 3420 Domine,
497 3347 595 3406 levari
608 3348 737 3404 animam
750 3367 863 3404 meam:
885 3348 967 3404 Deus
980 3365 1072 3418 meus,
1084 3346 1117 3403 in
1129 3352 1160 3403 te
1174 3347 1299 3420 confido,
1312 3367 1371 3404 non

171 3428 345 3487 erubescam.

230 3508 336 3567 l'riraa
352 3508 453 3568 Oratio
474 3510 535 3566 sitae
549 3508 696 3566 Dominus
716 3509 874 3582 vobiscum,
892 3508 1042 3584 maeatisao
1064 3516 1180 3565 tautam
1199 3508 1326 3567 Oremus
1346 3519 1372 3567 et

173 3587 337 3648 l'lectarnus
350 3609 453 3666 genua.
498 3590 615 3647 Levate.

232 3669 341 3730 Oroete.

230 3750 335 3809 Preces
358 3757 483 3825 nostras,
505 3771 680 3828 quaesumus,
704 3753 840 3824 Domine,
866 3752 1025 3810 clementer
1050 3750 1159 3808 exaudi
1171 3769 1179 3821 3
1213 3756 1243 3808 et
1267 3760 1370 3808 contra

170 3837 277 3890 cuncto
297 3831 382 3890 nobis
402 3833 597 3906 adversantia,
619 3832 773 3891 dexteram
793 3841 853 3892 tuae
873 3832 1036 3909 majestatis
1056 3831 1190 3889 extende.
1235 3830 1294 3889 Per
1313 3833 1371 3889 Do

172 3913 295 3971 mimrm.

235 3994 325 4052 Lectio
340 3994 407 4053 litat
421 3996 517 4053 Exodi
537 3994 629 4073 (auio.
647 3996 760 4072 12-18).

231 4074 271 4132 In
292 4075 394 4133 diebus
414 4076 483 4148 illis,
498 4077 587 4133 Dixit
602 4077 749 4135 Dominus
766 4077 803 4134 ad
817 4077 960 4153 Moysen:
981 4075 1118 4133 Ascende
1132 4074 1170 4132 ad
1183 4073 1277 4132 mein
1291 4094 1373 4132 mon·

171 4163 230 4213 tour
245 4177 334 4231 resque
349 4157 388 4213 ud
402 4164 433 4215 ct
446 4157 505 4215 fuit
517 4157 560 4215 ibi
574 4158 768 4235 quadraginta
781 4158 884 4215 diebus
898 4163 928 4215 et
942 4155 1137 4234 quadraginta
1149 4155 1294 4212 noctibus.

233 4237 366 4294 Grarlul.

230 4318 449 4377 Tribulationes
470 4318 565 4376 cordis
585 4320 644 4376 mei
664 4319 794 4377 dilatatae
808 4326 896 4377 sunt:
918 4319 954 4377 de
967 4316 1190 4376 necessitatibus
1203 4316 1278 4374 meis
1292 4317 1374 4393 eripe

170 4419 225 4472 mo,
246 4399 378 4456 Domino.

175 4480 203 4538 V.
231 4479 309 4537 Vide
320 4478 519 4540 humilitatem
533 4500 628 4540 meam
642 4487 673 4539 et
686 4480 815 4539 laborem
830 4500 946 4539 meum:
967 4487 998 4538 et
1008 4479 1125 4538 dimitte
1139 4478 1239 4536 omnia
1251 4486 1372 4555 peccata

169 4578 241 4618 mea
