2918 4986
446 335 631 402 Dominioo
649 337 704 402 II.
722 337 905 404 Adventus.
1038 311 1040 316 Ι
1257 345 1277 406 3

69 504 164 576 tertio,
176 513 202 562 et
215 524 280 580 quse
293 504 327 561 ia
344 511 422 560 sexta
432 503 466 561 ia
476 504 581 578 quinto
591 503 681 562 Ferio
691 503 832 579 legantur,
845 505 872 562 si
877 506 950 580 fieri
955 507 1065 581 poterit
1076 518 1260 582 competenter
1269 533 1279 567 .-

42 654 44 658 .
68 586 117 642 sia
130 594 228 642 numm
241 585 303 642 alm
321 584 410 642 Faria
425 605 481 660 per
493 584 701 642 leebclcnendam
715 586 870 659 legardam
892 586 936 643 ito
954 596 1053 644 tamea
1073 590 1152 662 qnod
1171 610 1279 665 senates

68 666 252 741 anticipetur,
265 666 291 723 si
299 665 412 740 poterit.
450 665 491 721 Et
504 666 622 739 quarceto
636 666 670 722 ia
683 675 790 739 qscortn
800 665 891 724 Ferio
905 668 1007 741 opiter
1018 669 1052 725 de
1063 669 1162 743 aliquo
1173 669 1279 728 Sancto

68 756 96 804 et
110 745 198 804 Ferio
212 747 318 821 quinto
335 766 452 820 sequens
465 746 616 817 vocaverit,
633 756 701 804 tnnc
714 746 849 822 Epistola
863 757 888 804 et
909 748 1155 823 aromotisans
1171 760 1279 824 essarto

67 827 159 885 Fesio
183 827 217 884 ia
243 827 309 902 s'psa
329 827 435 901 quinta
458 826 548 883 Feria
571 827 712 901 teporatur,
737 837 763 885 et
786 849 847 885 nore
871 828 925 886 iilo
950 850 1015 904 quoe
1036 830 1071 887 ia
1090 840 1169 888 sacto
1189 831 1280 889 Faria

67 907 285 967 intitulamur:
305 907 440 964 accediter
452 910 506 982 fiet
526 906 609 982 infra
629 906 877 983 Septaoposimom
894 919 920 966 et
941 911 975 966 ia
996 920 1119 987 tenpore
1140 910 1269 969 Pessimi
1274 913 1280 926 '

68 998 96 1045 et
108 989 197 1046 ctione
211 989 280 1046 aliis
293 988 368 1045 anerei
382 987 563 1062 tenporibus,
578 990 697 1062 qseorrdc
711 990 745 1046 de
758 989 929 1065 hujusmodi
943 990 1042 1048 Feriis
1055 992 1161 1066 opiter.

544 1132 643 1189 Fama
664 1132 801 1206 Qunam.

129 1243 226 1302 Lectio
239 1244 378 1320 Epistoloe
391 1243 466 1302 beati
479 1244 582 1305 Jacobi
595 1246 727 1321 Apostoli
740 1246 782 1321 (o.
801 1247 847 1306 7-1
872 1249 896 1324 ).

131 1324 300 1383 Uerissimi:
321 1325 472 1382 Patientes
485 1331 578 1383 estote
594 1346 685 1400 asqsee
705 1328 746 1383 od
766 1327 859 1384 locuti
879 1334 949 1386 sunt
969 1329 1003 1386 in
1016 1331 1136 1389 nomine
1151 1332 1277 1391 Domini

67 1406 165 1463 nostri
177 1406 200 1463 J
201 1426 252 1464 esu
267 1406 386 1464 Christi

131 1486 298 1544 Secundam
312 1486 486 1544 Mottbaenm
500 1486 561 1561 (iii.
581 1486 627 1543 1-6
629 1487 653 1565 )

130 1567 171 1625 In
183 1568 235 1624 illo
249 1574 389 1645 tempore,
405 1566 500 1625 Venit
514 1567 535 1625 J
537 1568 667 1625 ohannes
681 1589 771 1644 iisqne
785 1571 826 1627 od
839 1571 1012 1628 confitentes
1025 1580 1145 1648 peccata
1160 1594 1219 1632 sua.
1271 1600 1275 1613 ·

559 1711 659 1770 Fama
679 1711 789 1770 Snxrn.

132 1821 230 1879 Lectio
243 1821 342 1878 Esaia
356 1819 507 1896 Propleetee
520 1818 637 1893 (ccviii.
654 1828 680 1877 et
693 1839 757 1876 anm.
762 1818 786 1896 ).

133 1902 208 1959 Haec
228 1902 301 1960 dicit
319 1900 467 1958 Dominus
484 1900 587 1958 Deus:
619 1900 694 1957 Ecce
715 1919 768 1976 ego
788 1899 907 1957 mittam
928 1900 961 1957 in
979 1900 1181 1959 fundamentis
1206 1903 1277 1961 Sion

70 1983 209 2060 lapidem,
224 1983 392 2058 probatum,
408 1981 588 2057 angularem,
602 1981 774 2057 pretiosum,
788 1981 820 2037 in
834 1980 1028 2039 fundamento
1046 1982 1205 2041 fundatum
1217 2006 1223 2042 :
1248 1991 1278 2042 et

72 2083 174 2122 omnes
187 2063 240 2141 qui
256 2063 434 2121 crediderint
446 2063 480 2119 in
492 2061 577 2118 illum
597 2081 659 2118 non
672 2061 936 2118 conturbabuntur.
980 2061 1123 2136 Festinat,
1139 2070 1174 2121 ut
1186 2072 1279 2140 ponat

67 2144 216 2222 judicium
242 2143 275 2200 in
301 2143 429 2219 pondere
457 2147 487 2200 et
509 2142 658 2218 justitiam
682 2141 714 2198 in
737 2161 880 2199 mensura.
925 2142 967 2199 Et
989 2143 1143 2201 subvertet
1165 2146 1277 2221 grando

73 2244 156 2301 spem
170 2224 323 2296 mendacii,
336 2230 366 2281 et
379 2223 412 2279 in
425 2223 637 2300 protectionem
647 2241 730 2298 aquae
744 2222 940 2279 inundabunt.
972 2222 1041 2281 Hoc
1051 2224 1108 2281 erit
1118 2245 1137 2282 a
1147 2225 1277 2283 Domino

73 2306 141 2364 Deo
154 2304 348 2377 exercituum,
362 2309 397 2361 ut
410 2303 544 2360 mirabile
557 2303 665 2360 faceret
675 2303 830 2378 judicium,
846 2308 877 2361 et
897 2304 1099 2380 magnificaret
1115 2307 1273 2381 justitiam.

72 2386 237 2463 Propterea
257 2389 393 2462 expectat
407 2383 561 2454 DominuS,
580 2389 614 2441 ut
634 2383 807 2440 misereatur
827 2383 937 2442 vestri:
958 2389 989 2441 et
1009 2384 1075 2442 ideo
1096 2386 1278 2445 exaltabitur

72 2486 196 2545 parcens
215 2467 308 2538 vobis,
330 2465 401 2542 quia
421 2465 502 2522 Deus
519 2464 626 2540 judicii
639 2464 804 2522 Dominus:
824 2463 904 2521 beati
926 2484 1025 2523 omnes
1046 2467 1099 2542 qui
1119 2475 1276 2544 expectant
1314 2524 1316 2531 ,

71 2567 303 2687 eumbbeaendam
315 2627 430 2685 Lucam
443 2626 503 2701 (iii.
522 2623 616 2703 7-18).

135 2709 175 2767 In
195 2709 247 2767 illo
268 2714 408 2786 tempore,
425 2707 550 2765 Dicebat
570 2706 591 2764 J
593 2725 702 2764 oannes
722 2706 760 2763 ad
781 2707 883 2764 turbas
897 2727 987 2781 nsque
1000 2709 1041 2766 orl
1057 2709 1274 2786 evangelizabat
1370 2785 1372 2789 7

72 2789 191 2868 populo.

342 2895 503 2954 Dcnmma
524 2908 664 2952 secunus
683 2894 853 2952 Anvnnrus
875 2893 1003 2952 Domm.

137 3009 186 3068 Ae
198 3010 330 3068 Missam.
375 3010 514 3085 Officium.

137 3090 268 3168 Populus
282 3091 362 3162 Sion,
377 3110 441 3149 ecce
455 3090 602 3147 Dominus
615 3088 715 3146 veniet
728 3088 766 3145 ad
781 3088 935 3146 salvandas
955 3094 1075 3165 gentes:
1097 3096 1127 3149 et
1140 3093 1273 3152 auditam

69 3170 163 3231 iaciat
177 3171 324 3230 Dominus
336 3172 460 3250 gloriam
473 3171 552 3229 vocis
566 3190 625 3227 suae
638 3169 671 3226 in
684 3169 788 3226 laetitia
802 3169 895 3227 cordis
908 3170 1007 3228 vestri.

137 3252 287 3427 giibigis
300 3333 402 3406 Israel,
418 3334 556 3391 intende:
577 3331 628 3408 qui
642 3331 761 3389 deducis
773 3331 856 3389 velut
871 3350 956 3389 ovem
968 3331 991 3390 J
992 3332 1088 3408 oseph.

138 3413 254 3567 giiii,
269 3494 406 3567 Domine,
422 3494 509 3552 corda
522 3499 624 3551 nostra
637 3493 675 3551 ad
688 3493 892 3569 praeparandas
906 3493 1067 3571 Unigeniti
1080 3496 1127 3552 tui
1140 3497 1220 3557 vias:
1243 3507 1278 3557 ut

71 3594 131 3653 per
154 3575 216 3651 ejus
240 3575 398 3633 adventum
424 3574 586 3651 purificatis
609 3574 667 3631 tibi
689 3574 838 3642 mentibus
859 3575 968 3632 servire
991 3594 1162 3636 mereamur.
1218 3580 1278 3649 Qui

74 3664 176 3714 tecum
189 3656 267 3712 vivit
280 3661 310 3713 et
323 3662 428 3732 regnat
442 3656 530 3713 Deus.

138 3736 235 3794 lectio
247 3735 386 3812 Epistola
399 3737 473 3794 beati
486 3735 579 3793 Porcii
591 3733 721 3811 Apostoli
734 3737 774 3793 od
787 3735 935 3793 Romanos
947 3734 1008 3814 (oco.
1026 3737 1120 3816 4-13).

140 3816 278 3913 Fratres:
309 3817 508 3894 Quaecumque
536 3816 644 3893 scripta
674 3822 744 3873 sunt
772 3836 862 3892 usqae
889 3817 930 3874 od
957 3824 987 3876 et
1009 3818 1122 3878 virtute
1151 3821 1277 3899 Spiribis

77 3896 275 4037 Smilace.

139 4058 189 4117 Ex
202 4059 274 4117 Sion
287 4059 396 4136 species
409 4059 519 4117 decoris
532 4060 612 4136 ejus:
634 4059 716 4116 Deus
729 4058 884 4117 manifeste
897 4060 1004 4119 veniet.

83 4138 115 4198 V.
138 4139 320 4236 congregate
345 4140 392 4197 illi
413 4147 527 4198 sanctos
550 4141 630 4218 ejus:
661 4139 713 4217 qui
740 4140 951 4199 ordinaverunt
977 4144 1188 4205 testamentum
1215 4148 1277 4224 ojus

71 4222 364 4377 ¹gupedliciliiiiitcuiV.
387 4301 520 4360 Laetatus
540 4321 606 4359 snm
620 4302 652 4359 in
665 4301 711 4360 his
724 4321 789 4378 quse
803 4303 883 4361 dicta
895 4310 965 4363 srmt
978 4305 1069 4364 mihi:
1098 4307 1137 4365 In
1158 4308 1277 4367 domum

75 4381 206 4440 Domini
218 4381 334 4441 ibimus.

46 4466 51 4473 ’
81 4462 117 4522 t'.
140 4462 262 4522 Stantes
275 4468 359 4524 erant
372 4464 460 4542 pedes
473 4463 612 4525 nostriin
625 4463 708 4524 atriis
721 4465 790 4540 tuis,
806 4464 1000 4526 Hierusalem.
