2918 4986
415 377 455 442 H
453 324 636 443 ebdomade
649 376 691 443 c'e.
710 376 989 463 Quadrupest'mm

165 541 298 602 Gradole.

164 623 282 681 Bonum
296 629 341 682 est
354 624 499 702 confidere
512 624 544 682 in
559 623 688 682 Domino
702 645 708 682 :
731 645 821 701 quam
834 624 978 683 confidere
992 624 1024 682 in
1037 624 1164 684 homine.

110 704 139 763 V.
165 704 283 762 Bonum
297 711 342 763 est
355 725 470 782 sperare
483 706 515 762 in
530 706 675 763 Domino:
697 725 787 782 quam
800 726 916 783 sperare
929 707 962 764 in
975 706 1163 784 principibus

165 785 296 843 Tractus
339 786 475 858 Domine,
491 806 551 844 non
565 787 733 845 secundum.

162 864 507 934 SecurrdumJoltarmem
526 866 582 944 (ori.
602 867 693 945 1-45)

162 947 202 1004 In
222 947 278 1004 illo*
294 953 433 1024 tempore,
449 947 524 1005 Erat
544 948 664 1024 quidam
684 948 826 1024 languens
840 948 968 1006 Lazarus
985 968 1004 1006 a
1017 947 1173 1021 Bethania,
1189 950 1226 1007 de
1245 969 1304 1009 eas-

104 1026 174 1085 tello
194 1026 298 1086 Maria
320 1036 350 1086 et
370 1029 498 1086 Marthae
518 1025 652 1086 sororum
672 1029 735 1105 ejus
755 1049 844 1103 usque
865 1031 905 1086 ad
924 1029 1019 1087 Multi
1039 1049 1107 1107 ergo
1127 1049 1166 1087 ex
1178 1030 1301 1103 Judaeis,

48 1128 54 1132 ·
104 1108 155 1184 qui
167 1109 361 1166 veneruntad
375 1109 503 1167 Mariam
517 1114 547 1168 et
561 1108 721 1182 Martham,
737 1117 767 1167 et
780 1110 916 1167 viderant
937 1129 1002 1186 quae
1016 1110 1087 1169 fecit
1099 1110 1122 1169 J
1123 1130 1197 1184 esus,
1213 1112 1304 1169 credi-

104 1188 213 1248 derunt
224 1188 257 1246 in
271 1208 346 1248 eum.

165 1268 356 1342 Offerton'cura

163 1347 311 1426 Populum
325 1349 476 1409 <humilem
500 1351 615 1409 salvum
638 1352 734 1422 facies,
758 1351 904 1408 Domine:
934 1356 965 1409 et
989 1351 1086 1410 oculos
1110 1353 1302 1431 superborum

104 1428 291 1568 mirmah&
319 1431 459 1509 quoniam
472 1432 538 1509 quis
552 1432 641 1505 Deus,
657 1440 765 1508 praeter
779 1439 816 1504 te,
832 1432 982 1490 Dominel

185 1520 282 1570 ecreto.

162 1590 290 1652 Munera
299 1611 362 1665 nos,
371 1591 507 1666 Domine,
518 1613 693 1669 quaesumus,
704 1593 802 1651 oblata
811 1593 985 1670 purificent:
1005 1599 1036 1652 et
1050 1592 1179 1652 tenebis
1188 1594 1304 1672 jugiter

104 1670 213 1730 facim
226 1691 287 1731 esse
299 1672 456 1750 placatum.
498 1674 557 1732 Per
570 1673 741 1732 Dominum.

164 1751 343 1813 Omnruuurb.
1353 1826 1357 1834 ¹

162 1832 277 1893 Videns
290 1835 438 1893 Dominus
451 1835 554 1894 flentes
568 1855 678 1894 sorores
692 1835 796 1893 Lazari
809 1836 846 1892 ad
860 1841 1102 1894 monumentum:
1123 1835 1303 1912 lacrymatus

106 1919 149 1970 est
164 1932 268 1972 coram
288 1914 403 1976 Judaeis
424 1921 455 1974 et
476 1915 638 1975 clamabat:
665 1917 781 1990 Lazaro,
804 1917 874 1974 veni
895 1917 972 1974 foras
982 1936 991 1989 3
1019 1923 1049 1974 et
1070 1917 1181 1994 prodiit
1202 1917 1302 1994 ligatis

105 1995 238 2053 manibus
251 1996 425 2073 etpedibus,
440 1996 492 2073 qui
505 1997 602 2055 fuerat
615 1998 830 2074 quatriduanus
844 2004 987 2055 mortuus.

162 2091 403 2151 Posteorrmaoio.

162 2171 238 2231 Haec
257 2192 319 2246 nos,
335 2192 509 2250 quaesumus,
529 2173 666 2247 Domine,
684 2175 872 2251 participatio
893 2175 1077 2247 sacramenti,
1092 2180 1122 2232 et
1140 2195 1158 2233 a
1176 2173 1303 2252 propriis
1421 2185 1423 2188 ⁴

104 2252 231 2310 reatibus
253 2254 454 2312 indesinenter
477 2255 623 2333 expediat,
645 2262 676 2313 et
697 2256 734 2312 ab
755 2257 891 2314 omnibus
914 2263 1036 2314 tueatur
1055 2256 1192 2314 adversis.
1244 2255 1302 2314 Per

105 2331 272 2392 Dominum.

161 2413 256 2490 Super
269 2415 426 2491 Populum.

161 2494 219 2568 Da,
236 2515 409 2572 quaesumus,
426 2495 610 2573 omnipotens
628 2497 719 2570 Deus,
734 2503 770 2555 ut
787 2499 840 2574 qui
857 2498 1039 2556 infirmitatis
1057 2503 1165 2555 nostrae
1184 2498 1299 2570 conscii,

104 2573 139 2711 {lp
155 2581 209 2633 tua
226 2577 336 2653 pietate
354 2577 536 2652 confidimus,
552 2579 607 2636 sub
625 2584 678 2636 tua
692 2598 806 2655 semper
819 2579 1001 2656 protectione
1014 2579 1200 2657 gaudeamus
1245 2579 1306 2636 Per

134 2675 272 2715 ommam.

627 2806 774 2866 Sensuro.

164 2912 304 2988 Officium.

163 2994 302 3052 Sitientes
313 2993 412 3052 venite
421 2993 459 3050 ad
472 3012 571 3070 aquas,
587 2992 659 3050 dicit
673 2990 833 3049 Dominus:
848 2991 941 3067 etqui
954 3010 1014 3048 non
1027 2989 1142 3048 habetis
1155 2989 1300 3066 pretium:

106 3075 209 3147 venite,
225 3082 255 3132 et
268 3075 362 3134 bibite
376 3094 444 3132 cum
457 3074 569 3132 laetitia

162 3154 307 3214 Psolmea

160 3237 329 3308 Attendite,
343 3235 451 3313 popule
470 3255 561 3309 meus,
583 3234 678 3313 legem
698 3252 812 3292 meam:
833 3233 975 3291 inclinate
995 3251 1097 3291 aurem
1116 3237 1246 3289 vestram
1267 3233 1300 3290 in

106 3317 195 3375 verba
207 3318 266 3375 oris
280 3318 344 3374 mei.
358 3325 364 3338 '
963 3342 965 3346 ·
1295 3340 1298 3349 ·

165 3398 273 3458 Oratio

163 3478 241 3550 Fiat,
257 3498 432 3555 quaesumus,
447 3478 582 3552 Domine,
596 3497 649 3555 per
662 3477 787 3555 gratiam
806 3482 890 3534 tuam
910 3475 1077 3534 fructuosus
1095 3481 1203 3532 nostrae
1217 3475 1302 3533 devo-

104 3558 193 3617 tionis
207 3560 328 3618 affectus
336 3580 346 3633 3
366 3561 437 3636 quia
456 3565 528 3617 tune
548 3559 633 3616 nobis
652 3560 815 3636 proderunt
834 3564 968 3636 suscepta
984 3557 1108 3634 jejunia,
1123 3556 1149 3614 si
1167 3563 1226 3614 tuse
1240 3557 1302 3615 sint

104 3640 212 3716 placita
224 3641 337 3717 pietati.
380 3641 439 3698 Per
452 3640 624 3698 Dominum.

163 3738 259 3796 Lectio
273 3738 371 3796 Esaiae
384 3737 533 3814 Prophetae
546 3738 635 3814 (alic.
652 3739 748 3815 8-15).

163 3818 239 3877 Haec
252 3819 325 3877 dicit
338 3820 484 3876 Dominus
501 3818 601 3892 Deus3
622 3819 661 3876 In
681 3825 812 3896 tempore
832 3817 941 3896 placito
960 3817 1101 3876 exaudivi
1114 3821 1145 3874 te
1158 3836 1248 3892 eesqae
1262 3815 1304 3874 ed

105 3916 156 3976 ugo
168 3905 269 3957 tamen
281 3919 342 3957 non
356 3900 510 3958 obliviscar
524 3900 578 3972 tui,
594 3899 667 3958 dicit
682 3900 830 3957 Dominus
843 3899 1038 3976 omnipotens.

165 3997 280 4056 Gredol
293 4043 300 4056 .

163 4078 241 4151 Tibi,
256 4079 393 4151 Domine,
407 4079 563 4138 derelictus
577 4084 622 4136 est
635 4098 764 4156 pauper:
785 4078 899 4154 pupillo
912 4083 947 4135 tu
961 4076 1018 4136 eris
1032 4077 1158 4154 adjutor.

110 4157 138 4218 V.
163 4158 211 4218 Ut
231 4160 312 4236 quid,
334 4161 470 4232 Domine,
492 4160 636 4218 recessisti
657 4161 756 4236 longe:
778 4159 902 4237 despicis
922 4155 1248 4235 inopportunitatibus,
1268 4154 1301 4212 in

104 4239 296 4299 tribulatione
303 4260 312 4313 3
335 4241 406 4299 dum
419 4241 552 4317 superbit
565 4241 682 4317 impius,
697 4240 865 4297 incenditur
878 4259 997 4316 pauper.

162 4337 373 4413 Eourrpele'um:
392 4339 558 4397 Secundum
570 4337 597 4394 J
595 4337 737 4396 ohannem
750 4337 828 4415 (cuii.
843 4335 957 4415 12-20).
1177 4410 1179 4414 Α

163 4417 203 4476 In
215 4419 268 4477 illo
282 4425 426 4497 tempore,
436 4419 525 4476 Dixit
538 4419 560 4476 J
561 4438 627 4476 eus
640 4419 737 4476 turbis
749 4418 771 4477 J
772 4419 937 4476 udaeorum:
958 4417 1021 4494 Ego
1041 4434 1107 4473 sum
1127 4413 1182 4472 lux
1197 4412 1302 4498 mundi

103 4515 193 4576 usqae
205 4501 247 4559 od
260 4506 291 4558 et
304 4519 391 4558 nemo
404 4499 599 4576 apprehendit
613 4519 688 4574 eum,
705 4500 774 4576 quia
787 4500 920 4558 nondum
932 4503 1055 4574 venerat
1066 4496 1140 4554 hora
1153 4496 1224 4572 ejus.
