2918 4986
408 353 628 421 Hebdomada
641 375 668 420 o.
687 352 968 440 Quadrupesiraae.
1244 356 1286 420 83

149 522 246 581 Lectio
259 520 415 581 Hibreccioe
428 520 578 597 Propbctoc
591 520 608 598 (
607 521 676 579 arrii.
694 520 803 600 13-18).

124 672 126 676 ¹
149 603 189 662 In
199 603 302 661 diebus
311 603 378 673 illis,
389 603 479 662 Dixit
489 603 657 660 Hieremias
667 622 675 674 ;
696 602 832 676 Domine,
843 621 944 661 omnes
955 601 1008 678 qui
1017 607 1048 660 te
1058 601 1287 678 dereliquerim,

89 683 308 743 confundentur
320 703 411 760 aeque
428 684 470 742 od
490 689 520 742 et
540 683 651 760 duplici
665 683 842 742 contritione
856 688 974 742 contere
994 702 1051 756 eos,
1066 682 1194 741 Domine
1208 683 1290 742 Deus

92 771 198 824 noster.

152 845 286 906 Grodolo.
1194 914 1196 919 Ι

150 926 275 984 Pacifico
288 925 486 1003 loquebantur
496 924 571 982 mihi
583 924 697 983 inimici
711 925 787 984 mei:
807 931 839 983 et
852 924 885 983 in
898 927 943 984 ira
957 925 1074 984 molesti
1088 931 1174 984 erant
1186 926 1267 984 mihi

98 1007 127 1068 1⁷.
152 1007 275 1079 Vidisti,
291 1007 420 1065 Domine
434 1007 516 1064 Deus
530 1026 619 1079 meus,
635 1026 672 1064 ne
686 1007 789 1065 sileas:
808 1025 846 1064 ne
861 1007 991 1065 discedas
1004 1027 1023 1064 a
1035 1026 1090 1066 mc.

151 1087 319 1147 Secundam
331 1087 498 1146 Jobcooicm
511 1085 566 1165 (ai.
585 1086 700 1166 47-54).

152 1169 192 1227 In
215 1169 267 1226 illo
288 1174 429 1244 tempore,
449 1168 638 1245 collegerunt
660 1167 813 1244 pontifices
840 1173 871 1226 et
899 1167 1042 1226 Pharisaei
1066 1168 1222 1226 concilium
1242 1169 1290 1227 ad-

92 1269 193 1309 versus
212 1249 325 1323 Jesum,
340 1256 371 1307 et
391 1250 545 1321 dicebant,
576 1249 655 1318 Quid
675 1249 806 1321 facimus,
825 1249 894 1325 quia
913 1248 962 1306 hic
982 1249 1071 1306 homo
1091 1250 1187 1307 multa
1206 1250 1290 1327 signa

93 1332 182 1390 faciti
201 1351 296 1406 usquc,
311 1331 353 1389 od
371 1331 405 1388 in
425 1330 577 1389 civitatem
591 1349 655 1406 quae
670 1329 779 1388 dicitur
789 1329 927 1407 Ephrem,
940 1336 971 1387 et
984 1329 1028 1387 ibi
1040 1330 1212 1388 morabatur
1222 1351 1290 1388 cum

96 1411 245 1488 discipulis
259 1410 326 1469 suis.

156 1492 348 1566 Offcrtoriiun.

153 1573 330 1631 Benedictus
344 1592 383 1646 es,
400 1572 547 1630 Domine:
568 1572 639 1630 doce
657 1583 708 1629 me‘
721 1570 948 1648 justificationes
961 1577 1046 1629 tuas:
1068 1576 1098 1630 et
1116 1591 1177 1628 non
1192 1573 1291 1630 tradas
1353 1636 1358 1647 ,

96 1653 342 1712 calumniantibus
355 1672 402 1711 me
415 1653 556 1730 superbis,
570 1660 602 1710 et
614 1654 796 1730 respondebo
810 1653 1058 1729 exprobrantibus
1071 1653 1145 1710 mihi
1158 1653 1289 1711 verbum.

152 1733 271 1795 Secreta

154 1815 267 1873 Praesta
279 1815 372 1884 nobis,
382 1814 546 1873 misericors
559 1814 660 1887 Deus3
675 1821 710 1873 ut
724 1814 811 1891 digne
824 1815 885 1872 tuis
898 1813 1008 1873 servire
1022 1834 1136 1890 semper
1149 1815 1292 1873 altaribus

96 1915 266 1969 mereamur,
281 1903 312 1954 et
326 1916 428 1954 eorum
440 1904 583 1973 perpetua
596 1895 821 1973 participatione
835 1895 949 1954 salvari
993 1895 1052 1953 Per
1066 1895 1237 1954 Dominum.

156 1976 334 2037 Coruncanio.

156 2057 205 2116 Ne
231 2057 387 2116 tradideris
412 2076 467 2139 me,
492 2057 629 2129 Domine,
657 2057 691 2115 in
717 2058 830 2115 animas
857 2057 1096 2134 persequentium
1121 2077 1190 2117 me:
1225 2058 1296 2134 quia

97 2137 319 2197 insurrexerunt
332 2139 366 2196 in
378 2158 425 2196 me
438 2144 528 2197 testes
541 2138 646 2214 iniqui,
662 2144 692 2196 et
706 2139 833 2196 mentita
843 2145 888 2196 est
901 2138 1044 2215 iniquitas
1057 2138 1121 2197 sibi.

154 2219 394 2278 Poatccrnmunic.

158 2300 277 2377 Sumpti
289 2299 430 2372 sacrificii,
446 2299 584 2373 Domine,
600 2305 743 2376 perpetua
763 2319 817 2358 nos
837 2300 928 2358 tuitio
949 2320 1010 2359 non
1034 2300 1238 2378 derelinquat:
1266 2308 1298 2359 et

98 2382 187 2439 noxia
200 2400 313 2458 semper
325 2401 344 2439 a
357 2381 441 2439 nobis
455 2387 560 2439 cuncta
574 2381 708 2457 depellat
751 2381 810 2439 Per
824 2382 994 2440 Dominum.

157 2462 252 2538 Super
271 2462 428 2538 Populum.

158 2543 299 2611 Concede,
333 2562 508 2619 quaesumus,
543 2543 729 2618 omnipotens
763 2542 854 2615 Deus,
875 2549 912 2600 ut
942 2543 995 2619 qui
1021 2544 1211 2619 protectionis
1238 2550 1297 2602 tuae

98 2624 223 2700 gratiam
236 2625 404 2700 quaerimus,
413 2623 539 2682 liberati
552 2644 571 2681 a
583 2624 667 2681 malis
682 2623 817 2681 omnibus
831 2643 931 2682 secura
945 2623 1003 2681 tibi
1016 2632 1115 2682 mente
1128 2626 1296 2683 serviamus.

100 2704 157 2762 Per
171 2704 341 2763 Dominum.

625 2852 772 2911 Sensuro.

162 2952 303 3028 Officium.

160 3033 302 3105 Miserere
315 3032 398 3106 mihi,
414 3032 551 3104 Domine,
567 3040 601 3088 at
615 3050 713 3106 supra.

162 3114 271 3173 Oratio.

160 3194 310 3268 Proficiat,
337 3202 511 3271 quaesumus,
541 3192 677 3260 Domine,
705 3191 787 3268 plebs
824 3190 882 3248 tibi
915 3191 1013 3249 dicata
1045 3191 1101 3268 piae
1136 3192 1301 3252 devotionis

102 3276 229 3349 affectu,
256 3281 292 3332 ut
313 3276 401 3333 sacris
421 3275 585 3332 actionibus
599 3273 723 3344 erudita,
739 3280 851 3348 quanto
874 3273 1022 3349 majestati
1043 3278 1102 3331 ture
1125 3273 1160 3330 fit
1181 3275 1302 3352 gratior,

101 3363 187 3415 tanto
200 3357 284 3414 donis
298 3357 462 3432 potioribus
476 3361 625 3430 augeatur.
668 3353 727 3411 Per
741 3353 910 3411 Dominum.

161 3438 257 3496 Lectio
278 3437 432 3495 Hieremiae
452 3436 601 3510 Propbctae
621 3434 718 3512 (aviii.
744 3434 857 3511 18-23).

161 3519 202 3575 In
215 3517 318 3575 diebus
331 3518 398 3589 illis,
414 3518 567 3574 Dixerunt
580 3517 665 3592 impii
678 3516 699 3573 J
701 3515 779 3572 udaei
791 3516 827 3572 ad
841 3514 969 3573 invicem
980 3536 989 3588 ;
1010 3516 1131 3591 Venite,
1145 3518 1306 3596 cogitemus

100 3604 205 3656 contra
218 3600 334 3675 justum
348 3599 538 3675 cogitationes
550 3617 640 3672 usqae
654 3597 695 3654 cd
708 3597 782 3653 fiant
795 3603 963 3654 corruentes
977 3597 1009 3655 in
1024 3604 1183 3677 conspectu
1197 3606 1258 3675 tuo,
1274 3601 1307 3658 in

100 3686 233 3756 tempore
248 3679 355 3737 furoris
369 3679 424 3752 tui,
440 3678 568 3736 Domine
582 3679 663 3736 Deus
677 3697 767 3735 meus.

166 3759 300 3820 Gradclc.

163 3840 288 3900 Pacifico
301 3841 505 3917 loquebantur.

110 3922 138 3981 V.
163 3921 287 3998 Vidisti,
303 3922 438 3980 Domine.

162 4003 330 4062 Secundam
349 4002 515 4060 Jotcuram
538 4001 593 4077 (oi.
617 3999 739 4076 54-71).

164 4084 204 4141 In
228 4083 281 4141 illo
309 4090 447 4160 tempore,
472 4082 562 4140 Dixit
583 4082 605 4139 J
607 4101 672 4138 esus
694 4080 843 4157 discipulis
865 4081 924 4140 suis
947 4088 978 4141 et
998 4084 1094 4143 turbis
1117 4086 1309 4159 Judaeorum3

106 4163 213 4238 Amen,
237 4167 345 4236 Amen,
367 4164 432 4221 dico
452 4164 555 4220 vobis:
584 4163 654 4219 Nisi
676 4160 924 4221 manducaveritis
947 4184 1064 4223 carnem
1086 4187 1178 4241 usqae
1201 4169 1242 4226 od
1261 4167 1310 4225 hic

105 4245 183 4302 enim
198 4253 261 4302 erat
275 4245 439 4302 traditurus
453 4264 530 4315 eum,
544 4264 611 4301 cum
625 4249 701 4301 esset
714 4263 791 4301 unus
805 4264 843 4302 ex
861 4244 1023 4304 duodecim.

166 4326 359 4400 Offertooium.
580 4340 582 4344 ⁴

165 4407 331 4465 Recordare
345 4406 423 4482 quod
436 4404 569 4464 steterim
582 4405 615 4463 in
629 4411 785 4482 conspectu
794 4412 855 4480 tue,
864 4413 900 4465 ut
909 4407 1044 4485 loquerer
1057 4427 1113 4485 pro
1160 4409 1308 4470 sibonum:

107 4492 137 4572 et
150 4496 313 4546 averterem
326 4487 560 4564 indignationem
574 4493 657 4544 tuem
671 4487 708 4544 ab
722 4489 771 4545 eis.
