2886 4994
594 369 714 436 Oeneo
735 369 857 435 Missos.
1264 344 1332 436 189

256 535 322 597 MS.
345 537 381 596 B.
405 550 408 556 ·
596 535 663 595 MS.
688 535 721 596 θ.
965 535 1031 595 MS.
1047 537 1218 595 Bsnsrasr.

167 643 279 720 ,Supra
299 663 365 720 quse
385 642 515 720 propitio
536 662 570 701 ac
593 662 695 702 sereno
715 644 802 700 vultu
829 642 972 720 respicere
999 643 1136 721 digneris,
1158 649 1189 703 et
1209 650 1329 723 accepta

117 742 229 800 habere
242 741 319 799 sicut
334 737 573 821 [Brea-sicuti]
588 746 707 817 accepta
720 740 829 799 habere
849 740 988 817 dignatus
1002 761 1032 799 es
1045 739 1169 800 munera
1181 743 1268 820 pueri
1282 744 1329 801 tui

112 839 192 918 justi
205 838 294 909 Abel,
310 845 342 896 et
355 837 531 896 sacrificium
548 837 723 914 patriarchae
743 837 839 911 nostri
852 838 992 911 Abrahae‚
1008 845 1039 897 et
1053 840 1133 916 quod
1145 840 1204 898 tibi
1217 840 1328 898 obtulit

110 952 252 995 ‘summus
272 934 406 993 sacerdos
425 940 497 993 tuus
509 933 736 1008 Melchisedech,
751 939 887 992 sanctum
906 935 1091 1009 sacrificium,
1106 937 1327 996 immaculatam

117 1034 256 1094 hostiam.

808 1128 868 1187 Hic
894 1129 1014 1188 inclinet
1041 1150 1145 1207 cerpus
1171 1142 1328 1192 etmarias

807 1210 979 1348 affiliatus
1010 1212 1051 1269 ad
1077 1214 1197 1272 modam
1224 1215 1331 1288 mucis,

101 1794 105 1801 .
181 1710 334 1789 Supplices
353 1717 384 1770 te
404 1729 550 1789 rogamus,
566 1709 754 1788 omnipotens
767 1710 859 1784 Deus,
872 1711 944 1789 jube
964 1712 1027 1770 haec
1046 1712 1171 1790 perferri
1192 1681 1328 1794 [Brea--⁴

115 1807 266 1891 praeferri]
286 1829 339 1887 per
358 1828 463 1866 manus
483 1807 582 1866 sancti
597 1807 695 1885 angeli
713 1808 760 1865 tui
780 1808 813 1865 in
832 1809 959 1867 sublime
978 1810 1073 1868 altare
1092 1816 1188 1885 tuum,
1209 1813 1241 1870 in
1261 1832 1326 1871 con-

364 1912 467 1984 spectu
484 1904 593 1964 divinae
613 1905 777 1982 majestatis
796 1912 866 1979 tuae,
885 1912 921 1965 ut
939 1912 1084 1984 quotquot

475 2184 514 2223 ex
526 2163 582 2224 hac
596 2163 712 2223 Altaris
725 2138 961 2242 participatione,

809 2263 849 2321 In
872 2264 992 2322 nomine
1013 2264 1121 2337 Patris,
1143 2271 1174 2324 et
1194 2266 1274 2341 Filii,
1295 2275 1328 2326 et

808 2360 938 2438 Spiritus
952 2362 1062 2436 Sancti,

807 2457 972 2597 Repetas
985 2479 1013 2519 ec
1027 2469 1053 2518 et
1063 2460 1325 2535 osculeturAlture,

807 2547 834 2596 at
868 2549 945 2599 scat:

523 2639 739 2692 sacrosanctum
754 2621 844 2692 *Filii
857 2633 921 2692 tui*

808 2731 868 2790 Hic
876 2731 1327 2810 siqraetsupcrHostiem,diceus:

654 2811 800 2892 con1⁴pus

806 2893 848 2951 Et
861 2914 948 2969 super
962 2893 1097 2955 Culicem.

471 2996 502 3051 et
521 2989 737 3072 senfflguinem
756 2992 967 3068 sumpserimus

806 3089 868 3147 Hic
881 3096 974 3165 sipost
988 3090 1123 3167 saprum,
1138 3091 1258 3151 dicere:

116 3187 201 3247 omni
220 3184 465 3265 hene>14dictione
484 3185 593 3244 cselesti
614 3191 646 3244 et
662 3185 759 3263 gratia
772 3185 945 3263 repleamur.
987 3186 1066 3246 †Per
1079 3189 1205 3246 eundem
1218 3189 1241 3249 J
1242 3208 1324 3248 esum

396 3281 549 3341 Christum
563 3282 727 3341 Dominum
739 3288 882 3342 nostrum.
925 3284 1056 3350 Amen.†

805 3380 951 3439 Memorio
959 3402 1017 3458 pro
1032 3381 1184 3458 defunctas.

181 3480 334 3538 Memento
353 3477 453 3553 etiam,
468 3478 607 3552 Domine,
622 3477 801 3536 famulorum
820 3478 1057 3556 famularumque
1076 3486 1198 3538 tuarum
1217 3480 1257 3538 N.
1282 3477 1327 3561 [et

117 3575 300 3659 N-Brcc]
314 3577 366 3658 qui
378 3597 433 3635 nos
445 3583 657 3655 praecesserrmt
674 3596 742 3636 cum
758 3577 842 3654 siguo
861 3577 938 3650 fidei,
953 3583 984 3636 et
997 3579 1150 3636 dormiunt
1169 3578 1202 3636 in
1222 3599 1325 3638 somno

117 3675 207 3754 pacis.
250 3674 337 3752 Ipsis,
353 3674 491 3747 Domine,
507 3679 538 3733 et
551 3674 687 3732 omnibus
700 3675 733 3732 in
748 3675 867 3733 Christo
887 3676 1106 3752 quiescentibus
1125 3677 1223 3734 locum
1243 3678 1326 3735 refri-

101 3775 203 3854 gerii,
217 3774 301 3847 lucis,
316 3780 346 3832 et
364 3773 445 3851 pacis
464 3779 501 3830 ut
520 3773 674 3851 indulgeas
693 3773 912 3855 deprecamur.‡
952 3773 1012 3832 Per
1031 3774 1158 3833 eundem
1172 3774 1325 3833 Christum

117 3873 285 3933 Dominum
298 3862 441 3932 nostrum.
484 3871 610 3948 Amen.§
808 3877 817 3886 “’

559 3970 620 4028 Hic
658 3969 765 4027 turadut
805 3969 865 4026 Hic
892 3968 1032 4029 Sacerdos
1052 3969 1202 4046 percutiat
1222 3978 1325 4046 pectus

557 4060 763 4127 pectuscum
807 4049 997 4126 aliquantum
1010 4051 1109 4124 altius,
1125 4051 1240 4109 diceas:

158 4149 256 4208 Nobis
270 4169 386 4227 quoque
402 4147 604 4227 peccatoribus
619 4146 739 4206 famulis
752 4145 823 4218 tuis,
838 4147 875 4205 de
888 4147 1082 4206 multitudine
1100 4147 1324 4205 miserationum

162 4290 176 4315 „
246 4314 277 4322 -
344 4286 350 4298 .

160 4286 498 4421 †grldviadyde-vlddrycundem
509 4354 640 4402 Christum.
672 4353 978 4402 MS.Gomits“Jesum”
1007 4352 1307 4401 MS.Bomits“Amen.”

160 4433 174 4493 ss
191 4430 255 4475 Here
270 4441 417 4475 commences
432 4425 485 4472 MS.
502 4425 529 4472 Ο.

162 4504 176 4565 §
192 4501 310 4560 Breviary
325 4499 397 4547 omits
412 4497 565 4545 “Dominum
580 4502 696 4547 nemum
728 4497 827 4544 Amans
