<?xml version="1.0" encoding="UTF-8"?>
<!DOCTYPE html PUBLIC "-//W3C//DTD XHTML 1.0 Transitional//EN"
    "http://www.w3.org/TR/xhtml1/DTD/xhtml1-transitional.dtd">
<html xmlns="http://www.w3.org/1999/xhtml" xml:lang="en" lang="en">
 <head>
  <title>
</title>
<meta http-equiv="Content-Type" content="text/html;charset=utf-8" />
  <meta name='ocr-system' content='tesseract 3.04.00' />
  <meta name='ocr-capabilities' content='ocr_page ocr_carea ocr_par ocr_line ocrx_word'/>
</head>
<body>
  <div class='ocr_page' id='page_1' title='image "./missaleadusumin03churgoog_0183.png"; bbox 0 0 2918 4986; ppageno 0'>
   <div class='ocr_carea' id='block_1_1' title="bbox 418 386 1222 480">
    <p class='ocr_par' dir='ltr' id='par_1_1' title="bbox 418 386 1222 480">
     <span class='ocr_line' id='line_1_1' title="bbox 418 386 1222 480; baseline 0.002 -27"><span class='ocrx_word' id='word_1_1' title='bbox 418 386 521 454; x_wconf 69' lang='lat' dir='ltr'><strong>Fortu</strong></span> <span class='ocrx_word' id='word_1_2' title='bbox 540 386 582 454; x_wconf 79' lang='lat' dir='ltr'><strong>oi.</strong></span> <span class='ocrx_word' id='word_1_3' title='bbox 603 394 678 480; x_wconf 78' lang='lat' dir='ltr'><strong>post</strong></span> <span class='ocrx_word' id='word_1_4' title='bbox 698 387 836 456; x_wconf 80' lang='lat' dir='ltr'><strong>Posoto.</strong></span> <span class='ocrx_word' id='word_1_5' title='bbox 1159 390 1222 455; x_wconf 85' lang='grc'><strong>133</strong></span> 
     </span>
    </p>
   </div>
   <div class='ocr_carea' id='block_1_2' title="bbox 90 553 1223 1060">
    <p class='ocr_par' dir='ltr' id='par_1_2' title="bbox 90 553 1223 713">
     <span class='ocr_line' id='line_1_2' title="bbox 90 553 1223 633; baseline 0.002 -21"><span class='ocrx_word' id='word_1_6' title='bbox 90 553 180 614; x_wconf 87' lang='lat' dir='ltr'><strong>tionis</strong></span> <span class='ocrx_word' id='word_1_7' title='bbox 207 554 343 614; x_wconf 81' lang='lat' dir='ltr'><strong>humanae</strong></span> <span class='ocrx_word' id='word_1_8' title='bbox 370 553 477 613; x_wconf 83' lang='lat' dir='ltr'><strong>foedere</strong></span> <span class='ocrx_word' id='word_1_9' title='bbox 504 554 657 614; x_wconf 81' lang='lat' dir='ltr'><strong>contulisti</strong></span> <span class='ocrx_word' id='word_1_10' title='bbox 668 576 677 628; x_wconf 85' lang='lat'>3</span> <span class='ocrx_word' id='word_1_11' title='bbox 705 555 743 614; x_wconf 89' lang='lat' dir='ltr'><strong>da</strong></span> <span class='ocrx_word' id='word_1_12' title='bbox 768 555 918 614; x_wconf 82' lang='lat' dir='ltr'><strong>mentibus</strong></span> <span class='ocrx_word' id='word_1_13' title='bbox 940 554 1058 631; x_wconf 85' lang='lat' dir='ltr'><strong>nostrie,</strong></span> <span class='ocrx_word' id='word_1_14' title='bbox 1081 560 1116 614; x_wconf 88' lang='lat' dir='ltr'><strong>ut</strong></span> <span class='ocrx_word' id='word_1_15' title='bbox 1143 553 1223 633; x_wconf 84' lang='lat' dir='ltr'><strong>quod</strong></span> 
     </span>
     <span class='ocr_line' id='line_1_3' title="bbox 90 635 861 713; baseline 0 -19"><span class='ocrx_word' id='word_1_16' title='bbox 90 636 200 694; x_wconf 76' lang='lat' dir='ltr'><strong>&#39;sessione</strong></span> <span class='ocrx_word' id='word_1_17' title='bbox 214 636 402 709; x_wconf 78' lang='lat' dir='ltr'><strong>celebramus,</strong></span> <span class='ocrx_word' id='word_1_18' title='bbox 417 635 569 693; x_wconf 89' lang='lat' dir='ltr'><strong>imitemur</strong></span> <span class='ocrx_word' id='word_1_19' title='bbox 582 636 695 696; x_wconf 83' lang='lat' dir='ltr'><strong>effectu.</strong></span> <span class='ocrx_word' id='word_1_20' title='bbox 739 636 805 696; x_wconf 85' lang='lat' dir='ltr'><strong>Per.</strong></span> <span class='ocrx_word' id='word_1_21' title='bbox 859 707 861 713; x_wconf 25' lang='grc' dir='ltr'>Ι</span> 
     </span>
    </p>

    <p class='ocr_par' dir='ltr' id='par_1_3' title="bbox 90 725 903 809">
     <span class='ocr_line' id='line_1_4' title="bbox 90 725 903 809; baseline 0.002 -23"><span class='ocrx_word' id='word_1_22' title='bbox 90 728 179 787; x_wconf 71' lang='lat' dir='ltr'><strong>Lecti&gt;</strong></span> <span class='ocrx_word' id='word_1_23' title='bbox 190 728 329 804; x_wconf 62' lang='lat' dir='ltr'><strong>Epistola</strong></span> <span class='ocrx_word' id='word_1_24' title='bbox 343 727 513 787; x_wconf 66' lang='lat' dir='ltr'><strong>teati‘Petrs&#39;</strong></span> <span class='ocrx_word' id='word_1_25' title='bbox 525 725 656 804; x_wconf 73' lang='lat' dir='ltr'><em>Apostoli</em></span> <span class='ocrx_word' id='word_1_26' title='bbox 676 728 710 807; x_wconf 87' lang='lat'><strong>(1</strong></span> <span class='ocrx_word' id='word_1_27' title='bbox 727 729 770 786; x_wconf 79' lang='lat' dir='ltr'><strong>iii</strong></span> <span class='ocrx_word' id='word_1_28' title='bbox 790 728 903 809; x_wconf 80' lang='lat'>18-22)</span> 
     </span>
    </p>

    <p class='ocr_par' dir='ltr' id='par_1_4' title="bbox 90 819 1223 1060">
     <span class='ocr_line' id='line_1_5' title="bbox 90 819 1221 900; baseline 0.002 -21"><span class='ocrx_word' id='word_1_29' title='bbox 90 820 241 895; x_wconf 61' lang='lat' dir='ltr'><strong>Darissimi,</strong></span> <span class='ocrx_word' id='word_1_30' title='bbox 258 821 393 879; x_wconf 75' lang='lat' dir='ltr'><strong>Christus</strong></span> <span class='ocrx_word' id='word_1_31' title='bbox 406 819 495 878; x_wconf 86' lang='lat' dir='ltr'><strong>semel</strong></span> <span class='ocrx_word' id='word_1_32' title='bbox 509 839 562 896; x_wconf 85' lang='lat' dir='ltr'><strong>pro</strong></span> <span class='ocrx_word' id='word_1_33' title='bbox 576 821 824 897; x_wconf 76' lang='lat' dir='ltr'><strong>peccatisnostris</strong></span> <span class='ocrx_word' id='word_1_34' title='bbox 841 827 976 880; x_wconf 85' lang='lat' dir='ltr'><strong>mortuus</strong></span> <span class='ocrx_word' id='word_1_35' title='bbox 989 827 1042 895; x_wconf 86' lang='lat' dir='ltr'><strong>est,</strong></span> <span class='ocrx_word' id='word_1_36' title='bbox 1054 822 1155 898; x_wconf 85' lang='lat' dir='ltr'><strong>justus</strong></span> <span class='ocrx_word' id='word_1_37' title='bbox 1168 840 1221 900; x_wconf 88' lang='lat' dir='ltr'><strong>pro</strong></span> 
     </span>
     <span class='ocr_line' id='line_1_6' title="bbox 90 901 1223 980; baseline 0.001 -21"><span class='ocrx_word' id='word_1_38' title='bbox 90 902 141 959; x_wconf 84' lang='lat' dir='ltr'><strong>stis</strong></span> <span class='ocrx_word' id='word_1_39' title='bbox 167 922 258 978; x_wconf 82' lang='lat' dir='ltr'><strong>usque</strong></span> <span class='ocrx_word' id='word_1_40' title='bbox 283 903 324 959; x_wconf 84' lang='lat' dir='ltr'><strong>od</strong></span> <span class='ocrx_word' id='word_1_41' title='bbox 352 902 404 961; x_wconf 86' lang='lat' dir='ltr'><strong>sed</strong></span> <span class='ocrx_word' id='word_1_42' title='bbox 430 901 615 958; x_wconf 82' lang='lat' dir='ltr'><strong>conscientiae</strong></span> <span class='ocrx_word' id='word_1_43' title='bbox 642 901 725 959; x_wconf 81' lang='lat' dir='ltr'><strong>bonae</strong></span> <span class='ocrx_word' id='word_1_44' title='bbox 753 902 946 980; x_wconf 77' lang='lat' dir='ltr'><strong>interrogatio</strong></span> <span class='ocrx_word' id='word_1_45' title='bbox 973 902 1005 961; x_wconf 89' lang='lat' dir='ltr'><strong>in</strong></span> <span class='ocrx_word' id='word_1_46' title='bbox 1033 902 1141 976; x_wconf 86' lang='lat' dir='ltr'><strong>Deum,</strong></span> <span class='ocrx_word' id='word_1_47' title='bbox 1169 921 1223 980; x_wconf 87' lang='lat' dir='ltr'><strong>per</strong></span> 
     </span>
     <span class='ocr_line' id='line_1_7' title="bbox 90 980 1131 1060; baseline 0.001 -19"><span class='ocrx_word' id='word_1_48' title='bbox 90 982 264 1041; x_wconf 81' lang='lat' dir='ltr'><strong>rrectionem</strong></span> <span class='ocrx_word' id='word_1_49' title='bbox 278 982 402 1040; x_wconf 90' lang='lat' dir='ltr'><strong>Domini</strong></span> <span class='ocrx_word' id='word_1_50' title='bbox 414 982 510 1040; x_wconf 82' lang='lat' dir='ltr'><strong>nostri</strong></span> <span class='ocrx_word' id='word_1_51' title='bbox 522 980 544 1041; x_wconf 86' lang='lat' dir='ltr'><strong>J</strong></span> <span class='ocrx_word' id='word_1_52' title='bbox 545 1001 597 1040; x_wconf 85' lang='lat' dir='ltr'><strong>esu</strong></span> <span class='ocrx_word' id='word_1_53' title='bbox 612 981 732 1057; x_wconf 75' lang='lat' dir='ltr'><strong>Christi,</strong></span> <span class='ocrx_word' id='word_1_54' title='bbox 747 983 800 1060; x_wconf 90' lang='lat' dir='ltr'><strong>qui</strong></span> <span class='ocrx_word' id='word_1_55' title='bbox 813 988 858 1042; x_wconf 86' lang='lat' dir='ltr'><strong>est</strong></span> <span class='ocrx_word' id='word_1_56' title='bbox 871 983 904 1041; x_wconf 91' lang='lat' dir='ltr'><strong>in</strong></span> <span class='ocrx_word' id='word_1_57' title='bbox 917 983 1040 1041; x_wconf 83' lang='lat' dir='ltr'><strong>dextera</strong></span> <span class='ocrx_word' id='word_1_58' title='bbox 1053 983 1131 1060; x_wconf 61' lang='lat' dir='ltr'><strong>Dei„</strong></span> 
     </span>
    </p>
   </div>
   <div class='ocr_carea' id='block_1_3' title="bbox 90 1078 242 1219">
    <p class='ocr_par' dir='ltr' id='par_1_5' title="bbox 90 1078 242 1219">
     <span class='ocr_line' id='line_1_8' title="bbox 90 1078 219 1139; baseline 0.008 -2"><span class='ocrx_word' id='word_1_59' title='bbox 90 1078 219 1139; x_wconf 57' lang='lat' dir='ltr'><strong>tradate.</strong></span> 
     </span>
     <span class='ocr_line' id='line_1_9' title="bbox 90 1159 242 1219; baseline 0.013 -2"><span class='ocrx_word' id='word_1_60' title='bbox 90 1160 159 1219; x_wconf 84' lang='lat' dir='ltr'><strong>Haeo</strong></span> <span class='ocrx_word' id='word_1_61' title='bbox 173 1159 242 1219; x_wconf 83' lang='lat' dir='ltr'><strong>dies</strong></span> 
     </span>
    </p>
   </div>
   <div class='ocr_carea' id='block_1_4' title="bbox 90 1239 1223 1492">
    <p class='ocr_par' dir='ltr' id='par_1_6' title="bbox 90 1239 1223 1492">
     <span class='ocr_line' id='line_1_10' title="bbox 90 1239 1222 1333; baseline 0.002 -34"><span class='ocrx_word' id='word_1_62' title='bbox 90 1240 261 1333; x_wconf 72' lang='lat' dir='ltr'><strong>Benedictus</strong></span> <span class='ocrx_word' id='word_1_63' title='bbox 281 1240 333 1319; x_wconf 90' lang='lat' dir='ltr'><strong>qui</strong></span> <span class='ocrx_word' id='word_1_64' title='bbox 346 1239 429 1300; x_wconf 82' lang='lat' dir='ltr'><strong>venit</strong></span> <span class='ocrx_word' id='word_1_65' title='bbox 449 1240 483 1298; x_wconf 92' lang='lat' dir='ltr'><strong>in</strong></span> <span class='ocrx_word' id='word_1_66' title='bbox 502 1239 622 1299; x_wconf 86' lang='lat' dir='ltr'><strong>nomine</strong></span> <span class='ocrx_word' id='word_1_67' title='bbox 642 1239 783 1298; x_wconf 89' lang='lat' dir='ltr'><strong>Domini:</strong></span> <span class='ocrx_word' id='word_1_68' title='bbox 797 1240 891 1298; x_wconf 87' lang='lat' dir='ltr'><strong>Deus</strong></span> <span class='ocrx_word' id='word_1_69' title='bbox 904 1240 1059 1315; x_wconf 86' lang='lat' dir='ltr'><strong>Dominus,</strong></span> <span class='ocrx_word' id='word_1_70' title='bbox 1076 1247 1106 1300; x_wconf 88' lang='lat' dir='ltr'><strong>et</strong></span> <span class='ocrx_word' id='word_1_71' title='bbox 1119 1240 1222 1301; x_wconf 82' lang='lat' dir='ltr'><strong>illuxit</strong></span> 
     </span>
     <span class='ocr_line' id='line_1_11' title="bbox 90 1341 1223 1492; baseline 0.002 -20"><span class='ocrx_word' id='word_1_72' title='bbox 90 1341 231 1491; x_wconf 55' lang='lat' dir='ltr'><strong>{Deluya</strong></span> <span class='ocrx_word' id='word_1_73' title='bbox 292 1414 322 1474; x_wconf 79' lang='lat' dir='ltr'><strong>V.</strong></span> <span class='ocrx_word' id='word_1_74' title='bbox 359 1413 496 1474; x_wconf 83' lang='lat' dir='ltr'><strong>Surrexit</strong></span> <span class='ocrx_word' id='word_1_75' title='bbox 522 1412 697 1472; x_wconf 83' lang='lat' dir='ltr'><strong>Altissimus</strong></span> <span class='ocrx_word' id='word_1_76' title='bbox 705 1426 711 1465; x_wconf 77' lang='grc' dir='ltr'>ῑ</span> <span class='ocrx_word' id='word_1_77' title='bbox 723 1369 760 1472; x_wconf 84' lang='lat' dir='ltr'><strong>de</strong></span> <span class='ocrx_word' id='word_1_78' title='bbox 770 1426 777 1465; x_wconf 72' lang='lat'>2</span> <span class='ocrx_word' id='word_1_79' title='bbox 787 1413 948 1492; x_wconf 78' lang='lat' dir='ltr'><strong>sepulchro,</strong></span> <span class='ocrx_word' id='word_1_80' title='bbox 975 1415 1027 1492; x_wconf 90' lang='lat' dir='ltr'><strong>qui</strong></span> <span class='ocrx_word' id='word_1_81' title='bbox 1055 1434 1109 1492; x_wconf 86' lang='lat' dir='ltr'><strong>pro</strong></span> <span class='ocrx_word' id='word_1_82' title='bbox 1135 1414 1223 1474; x_wconf 80' lang='lat' dir='ltr'><strong>nobis</strong></span> 
     </span>
    </p>
   </div>
   <div class='ocr_carea' id='block_1_5' title="bbox 90 1495 956 4576">
    <p class='ocr_par' dir='ltr' id='par_1_7' title="bbox 90 1495 956 4576">
     <span class='ocr_line' id='line_1_12' title="bbox 90 1495 308 1574; baseline 0.009 -22"><span class='ocrx_word' id='word_1_83' title='bbox 90 1495 163 1553; x_wconf 64' lang='lat' dir='ltr'><strong>indit</strong></span> <span class='ocrx_word' id='word_1_84' title='bbox 174 1496 208 1554; x_wconf 93' lang='lat' dir='ltr'><strong>in</strong></span> <span class='ocrx_word' id='word_1_85' title='bbox 220 1495 308 1574; x_wconf 84' lang='lat' dir='ltr'><strong>ligno.</strong></span> 
     </span>
     <span class='ocr_line' id='line_1_13' title="bbox 90 1598 244 1677; baseline 0 -17"><span class='ocrx_word' id='word_1_86' title='bbox 90 1598 244 1677; x_wconf 66' lang='lat' dir='ltr'><strong>Sequentia.</strong></span> 
     </span>
     <span class='ocr_line' id='line_1_14' title="bbox 383 1680 779 1756; baseline -0.003 -18"><span class='ocrx_word' id='word_1_87' title='bbox 383 1680 477 1756; x_wconf 83' lang='lat' dir='ltr'><strong>Zymo</strong></span> <span class='ocrx_word' id='word_1_88' title='bbox 490 1684 576 1737; x_wconf 84' lang='lat' dir='ltr'><strong>vetus</strong></span> <span class='ocrx_word' id='word_1_89' title='bbox 589 1682 779 1756; x_wconf 56' lang='lat' dir='ltr'><strong>expurgatum</strong></span> 
     </span>
     <span class='ocr_line' id='line_1_15' title="bbox 387 1759 737 1820; baseline -0.009 -1"><span class='ocrx_word' id='word_1_90' title='bbox 387 1761 559 1820; x_wconf 86' lang='lat' dir='ltr'><strong>Ut&#39;sinoere</strong></span> <span class='ocrx_word' id='word_1_91' title='bbox 573 1759 737 1817; x_wconf 83' lang='lat' dir='ltr'><strong>celebretur</strong></span> 
     </span>
     <span class='ocr_line' id='line_1_16' title="bbox 425 1840 707 1899; baseline -0.004 0"><span class='ocrx_word' id='word_1_92' title='bbox 425 1841 514 1899; x_wconf 88' lang='lat' dir='ltr'><strong>Nova</strong></span> <span class='ocrx_word' id='word_1_93' title='bbox 526 1840 707 1898; x_wconf 75' lang='lat' dir='ltr'><strong>resurrectio·</strong></span> 
     </span>
     <span class='ocr_line' id='line_1_17' title="bbox 383 1920 802 1998; baseline -0.002 -19"><span class='ocrx_word' id='word_1_94' title='bbox 383 1921 458 1979; x_wconf 86' lang='lat' dir='ltr'><strong>Haeo</strong></span> <span class='ocrx_word' id='word_1_95' title='bbox 472 1927 517 1980; x_wconf 87' lang='lat' dir='ltr'><strong>est</strong></span> <span class='ocrx_word' id='word_1_96' title='bbox 529 1922 592 1980; x_wconf 87' lang='lat' dir='ltr'><strong>dies</strong></span> <span class='ocrx_word' id='word_1_97' title='bbox 605 1926 713 1978; x_wconf 82' lang='lat' dir='ltr'><strong>nostrae</strong></span> <span class='ocrx_word' id='word_1_98' title='bbox 726 1920 802 1998; x_wconf 86' lang='lat' dir='ltr'><strong>spei,&#39;</strong></span> 
     </span>
     <span class='ocr_line' id='line_1_18' title="bbox 383 2001 705 2078; baseline 0 -19"><span class='ocrx_word' id='word_1_99' title='bbox 383 2002 486 2078; x_wconf 82' lang='lat' dir='ltr'><strong>Hujus</strong></span> <span class='ocrx_word' id='word_1_100' title='bbox 499 2002 575 2059; x_wconf 88' lang='lat' dir='ltr'><strong>mira</strong></span> <span class='ocrx_word' id='word_1_101' title='bbox 587 2002 633 2059; x_wconf 88' lang='lat' dir='ltr'><strong>vis</strong></span> <span class='ocrx_word' id='word_1_102' title='bbox 647 2001 705 2059; x_wconf 88' lang='lat' dir='ltr'><strong>diei</strong></span> 
     </span>
     <span class='ocr_line' id='line_1_19' title="bbox 423 2082 701 2160; baseline -0.007 -19"><span class='ocrx_word' id='word_1_103' title='bbox 423 2083 510 2160; x_wconf 83' lang='lat' dir='ltr'><strong>Legis</strong></span> <span class='ocrx_word' id='word_1_104' title='bbox 523 2082 701 2141; x_wconf 89' lang='lat' dir='ltr'><strong>testimonio.</strong></span> 
     </span>
     <span class='ocr_line' id='line_1_20' title="bbox 384 2162 857 2240; baseline 0 -19"><span class='ocrx_word' id='word_1_105' title='bbox 384 2163 459 2221; x_wconf 86' lang='lat' dir='ltr'><strong>Haeo</strong></span> <span class='ocrx_word' id='word_1_106' title='bbox 472 2163 640 2240; x_wconf 80' lang='lat' dir='ltr'><strong>AEgyptum</strong></span> <span class='ocrx_word' id='word_1_107' title='bbox 653 2162 798 2239; x_wconf 85' lang='lat' dir='ltr'><strong>spoliavit,</strong></span> <span class='ocrx_word' id='word_1_108' title='bbox 856 2183 857 2186; x_wconf 45' lang='lat'>¹</span> 
     </span>
     <span class='ocr_line' id='line_1_21' title="bbox 384 2243 735 2302; baseline -0.006 0"><span class='ocrx_word' id='word_1_109' title='bbox 384 2244 426 2302; x_wconf 88' lang='lat' dir='ltr'><strong>Et</strong></span> <span class='ocrx_word' id='word_1_110' title='bbox 440 2244 584 2302; x_wconf 84' lang='lat' dir='ltr'><strong>Hebraeos</strong></span> <span class='ocrx_word' id='word_1_111' title='bbox 597 2243 735 2301; x_wconf 88' lang='lat' dir='ltr'><strong>liberavit</strong></span> 
     </span>
     <span class='ocr_line' id='line_1_22' title="bbox 276 2323 724 2396; baseline -0.004 -13"><span class='ocrx_word' id='word_1_112' title='bbox 276 2323 278 2328; x_wconf 76' lang='grc'><strong>’</strong></span> <span class='ocrx_word' id='word_1_113' title='bbox 421 2324 598 2382; x_wconf 83' lang='lat' dir='ltr'><strong>Defornaoe</strong></span> <span class='ocrx_word' id='word_1_114' title='bbox 612 2324 724 2396; x_wconf 80' lang='lat' dir='ltr'><strong>ferrea3</strong></span> 
     </span>
     <span class='ocr_line' id='line_1_23' title="bbox 383 2404 775 2477; baseline 0 -15"><span class='ocrx_word' id='word_1_115' title='bbox 383 2404 444 2462; x_wconf 86' lang='lat' dir='ltr'><strong>His</strong></span> <span class='ocrx_word' id='word_1_116' title='bbox 457 2405 490 2462; x_wconf 91' lang='lat' dir='ltr'><strong>in</strong></span> <span class='ocrx_word' id='word_1_117' title='bbox 503 2409 584 2463; x_wconf 87' lang='lat' dir='ltr'><strong>aroto</strong></span> <span class='ocrx_word' id='word_1_118' title='bbox 597 2404 775 2477; x_wconf 84' lang='lat' dir='ltr'><strong>constitutis,</strong></span> 
     </span>
     <span class='ocr_line' id='line_1_24' title="bbox 383 2485 708 2563; baseline -0.012 -18"><span class='ocrx_word' id='word_1_119' title='bbox 383 2485 466 2563; x_wconf 86' lang='lat' dir='ltr'><strong>Opus</strong></span> <span class='ocrx_word' id='word_1_120' title='bbox 479 2491 544 2543; x_wconf 90' lang='lat' dir='ltr'><strong>erat</strong></span> <span class='ocrx_word' id='word_1_121' title='bbox 556 2485 708 2543; x_wconf 84' lang='lat' dir='ltr'><strong>servitutis</strong></span> 
     </span>
     <span class='ocr_line' id='line_1_25' title="bbox 424 2564 856 2642; baseline -0.002 -20"><span class='ocrx_word' id='word_1_122' title='bbox 424 2566 546 2638; x_wconf 90' lang='lat' dir='ltr'><strong>Lutum,</strong></span> <span class='ocrx_word' id='word_1_123' title='bbox 559 2565 644 2639; x_wconf 86' lang='lat' dir='ltr'><strong>later,</strong></span> <span class='ocrx_word' id='word_1_124' title='bbox 658 2564 749 2642; x_wconf 84' lang='lat' dir='ltr'><strong>palea.</strong></span> <span class='ocrx_word' id='word_1_125' title='bbox 854 2616 856 2621; x_wconf 91' lang='lat'><em>.</em></span> 
     </span>
     <span class='ocr_line' id='line_1_26' title="bbox 389 2645 796 2722; baseline -0.005 -18"><span class='ocrx_word' id='word_1_126' title='bbox 389 2646 412 2704; x_wconf 89' lang='lat' dir='ltr'><strong>J</strong></span> <span class='ocrx_word' id='word_1_127' title='bbox 413 2647 572 2722; x_wconf 87' lang='lat' dir='ltr'><strong>amdivinae</strong></span> <span class='ocrx_word' id='word_1_128' title='bbox 585 2645 652 2703; x_wconf 86' lang='lat' dir='ltr'><strong>laus</strong></span> <span class='ocrx_word' id='word_1_129' title='bbox 666 2645 796 2718; x_wconf 86' lang='lat' dir='ltr'><strong>virtutis,</strong></span> 
     </span>
     <span class='ocr_line' id='line_1_27' title="bbox 382 2725 823 2802; baseline -0.009 -16"><span class='ocrx_word' id='word_1_130' title='bbox 382 2725 405 2786; x_wconf 86' lang='lat' dir='ltr'><strong>J</strong></span> <span class='ocrx_word' id='word_1_131' title='bbox 405 2739 457 2785; x_wconf 86' lang='lat' dir='ltr'><strong>am</strong></span> <span class='ocrx_word' id='word_1_132' title='bbox 467 2725 621 2802; x_wconf 75' lang='lat' dir='ltr'><strong>triumphi,</strong></span> <span class='ocrx_word' id='word_1_133' title='bbox 632 2727 696 2801; x_wconf 87' lang='lat' dir='ltr'><strong>jam</strong></span> <span class='ocrx_word' id='word_1_134' title='bbox 710 2725 823 2797; x_wconf 83' lang='lat' dir='ltr'><strong>salutis,</strong></span> 
     </span>
     <span class='ocr_line' id='line_1_28' title="bbox 422 2805 766 2884; baseline -0.003 -20"><span class='ocrx_word' id='word_1_135' title='bbox 422 2808 494 2864; x_wconf 86' lang='lat' dir='ltr'><strong>Vox</strong></span> <span class='ocrx_word' id='word_1_136' title='bbox 508 2812 643 2884; x_wconf 85' lang='lat' dir='ltr'><strong>erumpat</strong></span> <span class='ocrx_word' id='word_1_137' title='bbox 656 2805 766 2877; x_wconf 80' lang='lat' dir='ltr'><strong>libera3</strong></span> 
     </span>
     <span class='ocr_line' id='line_1_29' title="bbox 384 2884 956 2963; baseline -0.002 -18"><span class='ocrx_word' id='word_1_138' title='bbox 384 2887 459 2946; x_wconf 88' lang='lat' dir='ltr'><strong>Haeo</strong></span> <span class='ocrx_word' id='word_1_139' title='bbox 474 2893 518 2945; x_wconf 85' lang='lat' dir='ltr'><strong>est</strong></span> <span class='ocrx_word' id='word_1_140' title='bbox 532 2887 601 2959; x_wconf 84' lang='lat' dir='ltr'><strong>dies,</strong></span> <span class='ocrx_word' id='word_1_141' title='bbox 616 2905 705 2963; x_wconf 90' lang='lat' dir='ltr'><strong>quam</strong></span> <span class='ocrx_word' id='word_1_142' title='bbox 718 2887 789 2944; x_wconf 87' lang='lat' dir='ltr'><strong>fecit</strong></span> <span class='ocrx_word' id='word_1_143' title='bbox 802 2884 956 2960; x_wconf 86' lang='lat' dir='ltr'><strong>Dominus,</strong></span> 
     </span>
     <span class='ocr_line' id='line_1_30' title="bbox 383 2966 853 3040; baseline -0.009 -13"><span class='ocrx_word' id='word_1_144' title='bbox 383 2967 458 3027; x_wconf 84' lang='lat' dir='ltr'><strong>Dies</strong></span> <span class='ocrx_word' id='word_1_145' title='bbox 471 2968 566 3025; x_wconf 89' lang='lat' dir='ltr'><strong>nostri</strong></span> <span class='ocrx_word' id='word_1_146' title='bbox 579 2966 687 3038; x_wconf 82' lang='lat' dir='ltr'><strong>doloris</strong></span> <span class='ocrx_word' id='word_1_147' title='bbox 700 2967 853 3040; x_wconf 88' lang='lat' dir='ltr'><strong>terminus,</strong></span> 
     </span>
     <span class='ocr_line' id='line_1_31' title="bbox 424 3047 669 3107; baseline -0.004 0"><span class='ocrx_word' id='word_1_148' title='bbox 424 3048 497 3107; x_wconf 85' lang='lat' dir='ltr'><strong>Dies</strong></span> <span class='ocrx_word' id='word_1_149' title='bbox 510 3047 669 3106; x_wconf 85' lang='lat' dir='ltr'><strong>salutifera</strong></span> 
     </span>
     <span class='ocr_line' id='line_1_32' title="bbox 383 3128 813 3204; baseline -0.009 -17"><span class='ocrx_word' id='word_1_150' title='bbox 383 3128 448 3204; x_wconf 73' lang='lat' dir='ltr'>on</span> <span class='ocrx_word' id='word_1_151' title='bbox 461 3135 507 3186; x_wconf 89' lang='lat' dir='ltr'><strong>est</strong></span> <span class='ocrx_word' id='word_1_152' title='bbox 519 3128 624 3186; x_wconf 82' lang='lat' dir='ltr'><strong>umbra</strong></span> <span class='ocrx_word' id='word_1_153' title='bbox 636 3128 813 3200; x_wconf 89' lang='lat' dir='ltr'><strong>futurorum,</strong></span> 
     </span>
     <span class='ocr_line' id='line_1_33' title="bbox 384 3207 846 3285; baseline -0.009 -17"><span class='ocrx_word' id='word_1_154' title='bbox 384 3210 520 3282; x_wconf 77' lang='lat' dir='ltr'><strong>Christus</strong></span> <span class='ocrx_word' id='word_1_155' title='bbox 533 3208 601 3266; x_wconf 81' lang='lat' dir='ltr'><strong>finis</strong></span> <span class='ocrx_word' id='word_1_156' title='bbox 613 3207 846 3285; x_wconf 73' lang='lat' dir='ltr'><strong>promissorum,¹</strong></span> 
     </span>
     <span class='ocr_line' id='line_1_34' title="bbox 425 3289 801 3360; baseline 0.008 -14"><span class='ocrx_word' id='word_1_157' title='bbox 425 3290 485 3360; x_wconf 81' lang='lat' dir='ltr'><strong>Qui</strong></span> <span class='ocrx_word' id='word_1_158' title='bbox 498 3295 681 3348; x_wconf 78' lang='lat' dir='ltr'><strong>consummet</strong></span> <span class='ocrx_word' id='word_1_159' title='bbox 694 3289 801 3348; x_wconf 83' lang='lat' dir='ltr'><strong>omnia.</strong></span> 
     </span>
     <span class='ocr_line' id='line_1_35' title="bbox 384 3369 756 3448; baseline -0.003 -19"><span class='ocrx_word' id='word_1_160' title='bbox 384 3369 497 3429; x_wconf 77' lang='lat' dir='ltr'><strong>christi</strong></span> <span class='ocrx_word' id='word_1_161' title='bbox 509 3369 627 3448; x_wconf 85' lang='lat' dir='ltr'><strong>sanguis</strong></span> <span class='ocrx_word' id='word_1_162' title='bbox 640 3371 756 3446; x_wconf 86' lang='lat' dir='ltr'><strong>igneam</strong></span> 
     </span>
     <span class='ocr_line' id='line_1_36' title="bbox 383 3450 741 3528; baseline -0.008 -18"><span class='ocrx_word' id='word_1_163' title='bbox 383 3450 549 3510; x_wconf 77' lang='lat' dir='ltr'><strong>Hebetavit</strong></span> <span class='ocrx_word' id='word_1_164' title='bbox 561 3450 741 3528; x_wconf 86' lang='lat' dir='ltr'><strong>romphaeam</strong></span> 
     </span>
     <span class='ocr_line' id='line_1_37' title="bbox 423 3531 689 3590; baseline -0.004 0"><span class='ocrx_word' id='word_1_165' title='bbox 423 3531 537 3590; x_wconf 82' lang='lat' dir='ltr'><strong>Amotu</strong></span> <span class='ocrx_word' id='word_1_166' title='bbox 550 3531 689 3590; x_wconf 79' lang='lat' dir='ltr'><strong>custodia</strong></span> 
     </span>
     <span class='ocr_line' id='line_1_38' title="bbox 383 3610 795 3684; baseline -0.01 -14"><span class='ocrx_word' id='word_1_167' title='bbox 383 3610 464 3670; x_wconf 87' lang='lat' dir='ltr'><strong>Puer</strong></span> <span class='ocrx_word' id='word_1_168' title='bbox 476 3612 572 3670; x_wconf 83' lang='lat' dir='ltr'><strong>nostri</strong></span> <span class='ocrx_word' id='word_1_169' title='bbox 587 3612 681 3669; x_wconf 85' lang='lat' dir='ltr'><strong>forma</strong></span> <span class='ocrx_word' id='word_1_170' title='bbox 694 3611 779 3684; x_wconf 88' lang='lat' dir='ltr'><strong>risus,</strong></span> <span class='ocrx_word' id='word_1_171' title='bbox 794 3662 795 3666; x_wconf 75' lang='grc'>,</span> 
     </span>
     <span class='ocr_line' id='line_1_39' title="bbox 383 3691 840 3769; baseline -0.002 -18"><span class='ocrx_word' id='word_1_172' title='bbox 383 3691 444 3751; x_wconf 90' lang='lat' dir='ltr'><strong>Pro</strong></span> <span class='ocrx_word' id='word_1_173' title='bbox 457 3707 516 3769; x_wconf 89' lang='lat' dir='ltr'><strong>quo</strong></span> <span class='ocrx_word' id='word_1_174' title='bbox 529 3712 639 3750; x_wconf 82' lang='lat' dir='ltr'><strong>vervex</strong></span> <span class='ocrx_word' id='word_1_175' title='bbox 653 3697 698 3751; x_wconf 87' lang='lat' dir='ltr'><strong>est</strong></span> <span class='ocrx_word' id='word_1_176' title='bbox 710 3692 840 3766; x_wconf 45' lang='lat' dir='ltr'><strong>occisus*</strong></span> 
     </span>
     <span class='ocr_line' id='line_1_40' title="bbox 424 3767 778 3851; baseline 0.014 -22"><span class='ocrx_word' id='word_1_177' title='bbox 424 3767 506 3831; x_wconf 76' lang='lat' dir='ltr'><strong>Vitae</strong></span> <span class='ocrx_word' id='word_1_178' title='bbox 519 3773 617 3850; x_wconf 77' lang='lat' dir='ltr'><strong>signat</strong></span> <span class='ocrx_word' id='word_1_179' title='bbox 629 3772 778 3851; x_wconf 83' lang='lat' dir='ltr'><strong>gaudium.</strong></span> 
     </span>
     <span class='ocr_line' id='line_1_41' title="bbox 383 3853 781 3932; baseline -0.003 -21"><span class='ocrx_word' id='word_1_180' title='bbox 383 3853 406 3911; x_wconf 89' lang='lat' dir='ltr'><strong>J</strong></span> <span class='ocrx_word' id='word_1_181' title='bbox 407 3853 498 3932; x_wconf 82' lang='lat' dir='ltr'><strong>oseph·</strong></span> <span class='ocrx_word' id='word_1_182' title='bbox 509 3855 573 3932; x_wconf 85' lang='lat' dir='ltr'><strong>exit</strong></span> <span class='ocrx_word' id='word_1_183' title='bbox 587 3853 623 3910; x_wconf 89' lang='lat' dir='ltr'><strong>de</strong></span> <span class='ocrx_word' id='word_1_184' title='bbox 636 3853 763 3910; x_wconf 82' lang='lat' dir='ltr'><strong>cisterna</strong></span> <span class='ocrx_word' id='word_1_185' title='bbox 770 3871 781 3927; x_wconf 88' lang='lat'>;</span> 
     </span>
     <span class='ocr_line' id='line_1_42' title="bbox 383 3932 855 4010; baseline -0.008 -17"><span class='ocrx_word' id='word_1_186' title='bbox 383 3932 406 3993; x_wconf 86' lang='lat' dir='ltr'><strong>J</strong></span> <span class='ocrx_word' id='word_1_187' title='bbox 407 3953 472 3993; x_wconf 85' lang='lat' dir='ltr'><strong>esus</strong></span> <span class='ocrx_word' id='word_1_188' title='bbox 485 3934 564 3992; x_wconf 89' lang='lat' dir='ltr'><strong>redit</strong></span> <span class='ocrx_word' id='word_1_189' title='bbox 576 3934 615 3990; x_wconf 89' lang='lat' dir='ltr'><strong>ad</strong></span> <span class='ocrx_word' id='word_1_190' title='bbox 627 3952 763 4010; x_wconf 87' lang='lat' dir='ltr'><strong>superna,</strong></span> <span class='ocrx_word' id='word_1_191' title='bbox 853 3945 855 3949; x_wconf 77' lang='grc'>’</span> 
     </span>
     <span class='ocr_line' id='line_1_43' title="bbox 423 4013 775 4091; baseline 0 -18"><span class='ocrx_word' id='word_1_192' title='bbox 423 4013 497 4073; x_wconf 87' lang='lat' dir='ltr'><strong>Post</strong></span> <span class='ocrx_word' id='word_1_193' title='bbox 509 4013 612 4071; x_wconf 85' lang='lat' dir='ltr'><strong>mortis</strong></span> <span class='ocrx_word' id='word_1_194' title='bbox 625 4013 775 4091; x_wconf 82' lang='lat' dir='ltr'><strong>supplicia.</strong></span> 
     </span>
     <span class='ocr_line' id='line_1_44' title="bbox 384 4092 775 4154; baseline -0.01 0"><span class='ocrx_word' id='word_1_195' title='bbox 384 4093 447 4154; x_wconf 84' lang='lat' dir='ltr'><strong>Hie</strong></span> <span class='ocrx_word' id='word_1_196' title='bbox 456 4093 598 4154; x_wconf 74' lang='lat' dir='ltr'><strong>‘dracones</strong></span> <span class='ocrx_word' id='word_1_197' title='bbox 612 4092 775 4152; x_wconf 70' lang='lat' dir='ltr'><strong>Pharaonis</strong></span> 
     </span>
     <span class='ocr_line' id='line_1_45' title="bbox 384 4173 767 4248; baseline -0.005 -14"><span class='ocrx_word' id='word_1_198' title='bbox 384 4174 482 4234; x_wconf 81' lang='lat' dir='ltr'><strong>Draoo</strong></span> <span class='ocrx_word' id='word_1_199' title='bbox 495 4180 588 4248; x_wconf 90' lang='lat' dir='ltr'><strong>vorat,</strong></span> <span class='ocrx_word' id='word_1_200' title='bbox 602 4194 621 4231; x_wconf 90' lang='lat' dir='ltr'><strong>a</strong></span> <span class='ocrx_word' id='word_1_201' title='bbox 634 4173 767 4232; x_wconf 78' lang='lat' dir='ltr'><strong>draconis</strong></span> 
     </span>
     <span class='ocr_line' id='line_1_46' title="bbox 424 4254 855 4314; baseline 0.002 -1"><span class='ocrx_word' id='word_1_202' title='bbox 424 4255 572 4314; x_wconf 86' lang='lat' dir='ltr'><strong>Immunis</strong></span> <span class='ocrx_word' id='word_1_203' title='bbox 585 4254 707 4313; x_wconf 77' lang='lat' dir='ltr'><strong>mulitia.</strong></span> <span class='ocrx_word' id='word_1_204' title='bbox 853 4309 855 4314; x_wconf 16' lang='grc' dir='ltr'><em>Α</em></span> 
     </span>
     <span class='ocr_line' id='line_1_47' title="bbox 385 4335 855 4414; baseline -0.004 -19"><span class='ocrx_word' id='word_1_205' title='bbox 385 4335 466 4406; x_wconf 79' lang='lat' dir='ltr'><strong>Quos</strong></span> <span class='ocrx_word' id='word_1_206' title='bbox 479 4337 591 4414; x_wconf 84' lang='lat' dir='ltr'><strong>ignitus</strong></span> <span class='ocrx_word' id='word_1_207' title='bbox 604 4335 751 4410; x_wconf 83' lang='lat' dir='ltr'><strong>vulneret,</strong></span> <span class='ocrx_word' id='word_1_208' title='bbox 852 4391 855 4399; x_wconf 87' lang='grc'>,</span> 
     </span>
     <span class='ocr_line' id='line_1_48' title="bbox 383 4416 727 4498; baseline 0 -22"><span class='ocrx_word' id='word_1_209' title='bbox 383 4416 451 4476; x_wconf 83' lang='grc' dir='ltr'><strong>Ηοθ</strong></span> <span class='ocrx_word' id='word_1_210' title='bbox 463 4416 607 4494; x_wconf 84' lang='lat' dir='ltr'><strong>serpentis</strong></span> <span class='ocrx_word' id='word_1_211' title='bbox 619 4416 727 4498; x_wconf 84' lang='lat' dir='ltr'><strong>liberat</strong></span> 
     </span>
     <span class='ocr_line' id='line_1_49' title="bbox 425 4497 690 4576; baseline 0.008 -21"><span class='ocrx_word' id='word_1_212' title='bbox 425 4497 516 4556; x_wconf 85' lang='lat' dir='ltr'><strong>AEnei</strong></span> <span class='ocrx_word' id='word_1_213' title='bbox 527 4497 690 4576; x_wconf 79' lang='lat' dir='ltr'><strong>praesentia.</strong></span> 
     </span>
    </p>
   </div>
   <div class='ocr_carea' id='block_1_6' title="bbox 0 0 1466 4986">
    <p class='ocr_par' dir='ltr' id='par_1_8' title="bbox 0 0 1466 4986">
     <span class='ocr_line' id='line_1_50' title="bbox 0 0 1466 4986; baseline 0 0"><span class='ocrx_word' id='word_1_214' title='bbox 0 0 1466 4986; x_wconf 95' lang='lat' dir='ltr'><strong> </strong></span> 
     </span>
    </p>
   </div>
  </div>
 </body>
</html>
