2918 4986
343 336 437 424 Dum.
461 336 538 402 aiii.
558 343 633 422 post
658 336 792 403 Oetaeus
813 337 1019 402 Pcrutccostes.
1217 340 1280 402 2325

141 501 251 560 Oratio.

139 583 337 659 Omnipotens
361 588 391 639 et
416 583 579 642 misericors
600 585 690 654 DeuS,
713 585 749 642 de
770 586 854 660 cujus
875 605 997 643 munere
1017 585 1109 656 venit,
1130 591 1166 641 ut
1185 585 1242 641 tibi
1263 605 1280 641 a

78 663 215 720 fidelibus
229 664 289 721 tuis
303 663 391 740 digne
405 672 435 722 et
449 664 638 723 laudabiliter
651 667 814 723 serviatur:
836 666 934 723 tribue
947 666 1039 734 nobis,
1054 685 1230 741 quaesumus,
1245 672 1280 721 ut

77 745 115 802 ad
127 745 336 822 promissiones
350 752 416 802 tuas
432 746 494 803 sine
509 746 667 803 offensione
681 767 840 804 curramus.
884 747 943 804 Per
957 747 1119 804 Dominum
1134 753 1277 803 nostrum.

139 835 190 894 Ad
206 836 328 894 Galatas
342 835 404 912 (iii.
423 838 539 912 16-22).

139 917 276 974 Fratres:
297 917 428 975 Abrahae
450 919 535 975 diotae
557 927 627 976 sunt
648 920 854 996 promissiones
876 927 905 976 et
926 920 1032 977 semini
1052 921 1115 996 ejus
1135 940 1226 995 usque
1240 921 1281 977 ud

79 998 136 1055 Sed
160 998 304 1056 conclusit
327 999 473 1075 scriptura
497 1000 596 1057 omnia
617 1002 672 1057 sub
692 1008 819 1076 peceato,
841 1008 875 1058 ut
894 1001 1049 1077 promissio
1068 1021 1106 1058 ex
1128 1002 1185 1058 fide
1205 1002 1227 1060 J
1229 1021 1280 1058 esu

81 1079 193 1136 Christi
207 1080 328 1136 daretur
341 1080 535 1137 credentibus.

140 1159 275 1217 Gradale.

139 1240 272 1316 Respice,
288 1239 426 1313 Domine,
440 1242 472 1298 in
494 1248 704 1300 testamentum
726 1250 829 1300 tunm:
851 1250 881 1299 et
901 1243 1014 1300 animes
1035 1263 1198 1319 paupenmr
1216 1251 1281 1300 tuo*

79 1340 146 1378 rum
159 1340 197 1378 ne
211 1321 392 1380 obliviscaris
409 1323 442 1379 in
455 1323 552 1380 finem.

86 1401 113 1460 V.
139 1401 283 1477 Exsurge,
305 1403 441 1476 Domine,
463 1412 493 1461 et
512 1405 615 1480 judico
639 1424 754 1462 eausam
779 1411 880 1462 tuam:
909 1423 1021 1462 memor
1045 1411 1107 1462 esto
1130 1403 1280 1482 opprobrii

82 1500 230 1540 servorum
244 1495 371 1541 tuorum.

137 1563 286 1640 Alleluya.
337 1565 364 1622 V.
388 1565 516 1622 Domine
537 1566 618 1623 Deus
643 1567 746 1623 salutis
772 1587 851 1639 meze,
875 1570 907 1623 in
927 1568 975 1623 die
996 1566 1121 1624 clamari
1141 1572 1172 1623 et
1193 1572 1278 1623 nocte

83 1662 176 1701 coram
190 1651 228 1702 te.

138 1725 306 1783 Secundum
320 1726 433 1784 Lucam
447 1720 490 1802 (a.
509 1726 625 1803 23-37).

137 1806 177 1862 ln
191 1806 243 1863 illo
256 1812 396 1882 tempore,
412 1808 501 1865 Dixit
515 1808 536 1865 J
539 1828 604 1865 esus
625 1808 776 1883 discipulis
796 1808 874 1879 suis;
897 1809 984 1866 Beati
1004 1808 1089 1882 oculi,
1107 1809 1278 1885 quivident

84 1904 167 1961 usquc
180 1889 222 1944 ad
235 1888 276 1943 Et
289 1888 332 1944 ait
346 1888 392 1944 illi
405 1889 426 1946 J
428 1909 494 1946 esus
507 1910 512 1945 :
533 1889 628 1959 Vade,
644 1897 674 1945 et
689 1900 721 1945 tu
736 1889 781 1946 fac
795 1890 940 1947 similiter.

139 1966 332 2041 Offirtcrtum.

137 2049 176 2105 In
189 2055 220 2105 te
234 2049 358 2125 sperari,
374 2049 520 2108 Domine:
542 2050 614 2119 dixi,
629 2056 708 2107 tues
723 2051 804 2107 Deus
818 2071 907 2122 meus,
923 2051 956 2108 in
970 2051 1106 2108 manibus
1125 2051 1186 2108 tuis
1206 2058 1279 2108 tom⁴

85 2144 151 2201 pora
165 2149 239 2188 mea.

136 2210 258 2268 hiemato.

136 2291 270 2361 Hostias,
285 2311 461 2367 quaesumus,
478 2293 615 2364 Domine,
631 2294 778 2370 propitius
798 2294 928 2367 intende,
945 2315 1018 2370 quas
1032 2295 1121 2352 sacris
1135 2295 1278 2351 altaribus

78 2371 267 2445 exhibemus3
288 2379 323 2429 ut
336 2373 421 2430 nobis
439 2374 655 2450 indulgentiam
672 2375 832 2450 largiendo,
848 2382 901 2433 tuo
915 2377 1029 2432 nomini
1043 2376 1115 2433 dent
1128 2376 1277 2433 honorem.

77 2444 141 2509 Per.

136 2531 317 2592 Communia.

134 2614 249 2679 Panem
263 2615 299 2671 de
314 2614 383 2671 caelo
397 2615 506 2672 dedisti
526 2616 619 2685 nobis,
635 2616 781 2672 Domine:
802 2616 960 2673 habentem
980 2636 1066 2674 omne
1087 2615 1279 2674 delectamen-

64 2693 140 2753 tum
156 2701 187 2752 et
201 2714 317 2751 omnem
333 2715 466 2770 saporem
480 2696 645 2754 suavitatis.

133 2776 379 2835 Postcommunio

133 2857 354 2926 Vivificet'nos,
367 2877 542 2933 quaesumus,
555 2859 691 2929 Domine,
706 2857 796 2934 hujus
810 2859 997 2934 participatio
1012 2864 1113 2915 sancta
1126 2859 1278 2933 mysterii:

57 2943 100 2994 et
114 2937 231 3014 pariter
244 2938 329 2993 nobis
350 2939 548 3014 expiationem
570 2940 684 2995 tribuat
704 2946 735 2997 et
755 2942 915 2996 munimen.
958 2939 1017 2997 Per
1031 2939 1194 2996 Dominum
1214 2959 1281 2996 nos-¹

55 3019 157 3076 trum
171 3018 193 3076 J
195 3037 277 3074 esum
292 3017 453 3077 Christum.

548 3181 649 3239 Fama
672 3182 810 3250 Qusrrs.

131 3306 187 3362 Ad
203 3304 369 3364 Corinthios
382 3305 418 3382 (2
440 3327 464 3364 u.
484 3307 581 3385 1-11).

132 3387 272 3444 Fratres:
301 3387 425 3458 Scimus,
438 3389 587 3464 quoniam,
603 3389 629 3445 si
642 3388 791 3445 terrestris
812 3388 915 3444 domus
936 3407 1026 3461 aeque
1047 3388 1087 3445 ad
1107 3388 1282 3445 manifestos

48 3474 125 3526 nos
142 3487 214 3536 esse,
229 3487 282 3542 per
295 3468 316 3525 J
318 3487 400 3525 esum
416 3468 569 3526 Christum
584 3468 746 3526 Dominum
760 3476 903 3525 nostrum.

133 3559 304 3618 Secundum
314 3561 354 3617 M
351 3562 489 3618 attbaeuru
503 3562 571 3637 (aa
592 3563 706 3639 14-21)

133 3641 176 3698 In
190 3641 241 3698 iilo
254 3648 395 3719 tempore,
413 3644 567 3700 Abeuntes
582 3643 724 3700 Pharisaei
745 3643 903 3701 concilium
923 3643 1072 3701 faciebant
1092 3645 1236 3721 usquead
1249 3651 1281 3702 et

49 3711 101 3783 in
116 3721 242 3780 nomine
256 3723 319 3799 ejus
333 3731 436 3801 gentes
450 3724 620 3799 sperabunt.

561 3919 661 3977 anns
683 3919 792 3977 Snxrn.

135 4038 187 4097 Ac
203 4039 351 4100 Rornancs
364 4041 431 4119 (ae.
450 4042 564 4119 14-25).

132 4121 274 4180 Fratres:
296 4122 421 4195 Scimus,
437 4125 578 4199 quoniam
598 4123 648 4181 lex
668 4122 831 4200 spiritualis
852 4130 897 4182 est
917 4143 1008 4201 usque
1028 4125 1069 4183 od
1089 4124 1194 4183 Gratia
1210 4125 1277 4194 Dei,

64 4211 124 4271 per
138 4203 162 4261 J
163 4221 246 4260 esum
261 4203 414 4262 Ohristum
429 4204 593 4262 Dominum
606 4209 749 4263 nostrum.

133 4299 303 4360 Secundum
317 4300 430 4358 Lucam
443 4300 524 4378 (xiii.
542 4301 660 4378 22-30)

133 4380 175 4439 In
189 4381 242 4438 illo
256 4387 396 4458 tempore,
412 4381 483 4439 Ibat
495 4382 518 4458 J
520 4402 585 4440 esus
600 4401 652 4460 per
665 4381 801 4440 civitates
815 4387 846 4441 et
866 4381 986 4440 castella
1006 4401 1097 4457 usque
1111 4381 1152 4440 ad
1164 4386 1195 4439 et
1208 4388 1280 4440 sunt

72 4463 174 4538 primi,
191 4462 245 4539 qui
257 4468 344 4521 erant
356 4463 518 4522 novissimi.
