2886 4994
490 381 594 447 Feria
614 402 641 445 a.
663 387 736 466 poet
757 380 975 446 Pentecosten.

494 548 591 607 Corda
603 547 706 623 replet,
721 547 837 624 linguas
849 547 936 619 ditat,

493 630 545 688 Ad
558 629 714 686 concordes
726 648 781 685 nos
794 629 905 685 invitat

533 709 657 785 Linguae
667 709 761 765 cordis
775 707 916 766 modulos

493 790 629 848 Christus
642 790 724 846 misit
737 789 816 865 quod
830 789 974 865 promisit,

492 871 606 945 Pignus
620 890 731 946 sponsae
745 890 834 945 qnam
847 870 952 927 revisit

532 951 590 1008 Die
604 951 852 1027 quinquagesima

492 1032 564 1089 Post
578 1031 728 1089 dulcorem
741 1030 880 1088 melleum

414 1151 425 1175 κ
492 1113 582 1170 Petra
595 1112 675 1169 fudit
688 1112 793 1183 oleum,

531 1192 623 1251 Petra
632 1195 697 1268 jam
709 1192 884 1250 firmissima

492 1273 532 1330 In
546 1273 662 1330 tabellis
676 1273 772 1329 saxeis

491 1355 562 1412 Non
576 1355 609 1410 in
621 1353 732 1430 linguis
745 1354 848 1429 igneis,

531 1436 595 1492 Lex
609 1435 646 1491 de
660 1441 760 1491 monte
775 1434 891 1510 populo

491 1515 598 1573 Paucis
611 1514 705 1572 cordis
719 1516 835 1572 nonas

491 1597 533 1654 Et
547 1597 713 1673 linguarum
728 1596 828 1653 unitas

531 1678 632 1735 Datur
644 1677 677 1732 in
690 1676 835 1733 cenaculo.

490 1759 516 1816 Ο
532 1777 619 1834 quam
634 1757 716 1827 felix,
732 1777 821 1832 quam
834 1757 950 1831 festiva,

490 1839 562 1896 Dies
575 1840 608 1894 in
622 1859 681 1914 qua
694 1838 848 1914 primitiva

530 1919 687 1976 Fundatur
702 1919 831 1976 Ecclesia
842 1921 849 1976 !

489 1999 594 2056 Vivae·
608 2007 679 2056 sunt
692 2000 832 2075 primitiae

489 2080 646 2137 Nascentis
661 2081 798 2137 Ecclesia

528 2159 597 2216 Tria
611 2161 739 2235 primum
753 2161 854 2218 millia.

487 2241 583 2298 Panes
597 2241 668 2317 legis
681 2242 827 2317 primitivi

487 2322 549 2379 Sub
563 2341 623 2378 una
636 2329 707 2378 sunt
719 2321 853 2398 adoptivi

527 2402 600 2459 Fide
613 2402 671 2460 duo
685 2403 794 2479 populi.

487 2483 524 2541 Se
538 2484 650 2541 duobus
664 2485 820 2559 interjecit,

487 2565 593 2640 Sicque
607 2566 680 2622 duos
694 2584 788 2621 unum
800 2564 871 2622 fecit

526 2646 615 2721 Lapis
628 2653 717 2721 caput
730 2645 838 2721 anguli

485 2727 578 2785 Utres
591 2727 671 2796 novi,
686 2746 747 2782 non
760 2726 881 2797 vetusti,

485 2808 564 2865 Sunt
577 2827 694 2883 capaces
708 2807 779 2864 novi
792 2808 882 2864 musti
892 2826 902 2879 3

526 2889 608 2945 Vasa
621 2894 706 2963 parat
719 2888 827 2960 vidua;

485 2969 547 3026 Dat
560 2970 705 3045 liquorem
719 2969 875 3041 Helisaeus,

483 3050 579 3108 Nubis
592 3069 707 3106 sacrum
720 3069 817 3107 rorem
831 3049 921 3121 Deus,

524 3132 556 3189 Si
570 3131 657 3188 corda
671 3131 732 3187 sint
745 3150 880 3205 congrua

482 3213 554 3270 Non
567 3212 622 3269 hoc
636 3218 734 3268 musto
747 3211 795 3269 vel
809 3211 931 3287 liquore,

482 3294 554 3350 Non
567 3292 622 3348 hoc
636 3292 718 3368 digni
731 3312 832 3348 sumus
846 3311 920 3364 rore,

520 3374 551 3430 si
565 3373 712 3430 discordes
725 3373 862 3431 moribus

481 3453 520 3510 In
534 3453 664 3510 obscuris
678 3459 709 3510 et
722 3454 824 3511 dii-'isis

481 3534 552 3590 Non
565 3539 662 3609 potest
675 3534 736 3592 haec
749 3534 898 3610 paraclisis

521 3614 668 3672 Habitare
682 3615 825 3673 cordibus.

179 3748 345 3807 Secundum
358 3745 470 3803 Isaeum
483 3743 538 3821 (ia.
558 3744 630 3821 1-6)

178 3847 216 3904 In
231 3845 282 3900 illo
295 3850 435 3918 tempore,
448 3840 624 3898 Convocatis
637 3841 659 3898 J
661 3861 726 3898 esus
739 3842 840 3899 decem
853 3841 1004 3919 discipulis
1017 3860 1108 3918 usque
1121 3843 1164 3900 ad
1177 3843 1321 3922 evangeli·

115 3937 223 3997 cantes,
239 3932 269 3982 ct
285 3929 420 3981 curantes
433 3922 552 3997 ubique.

177 4023 278 4082 Oredo.

178 4117 367 4195 Offlrtorium.
409 4115 565 4174 Confirma

175 4218 294 4276 Secreta.
335 4213 457 4271 Hostias
470 4217 595 4285 nostras,
611 4231 786 4288 quaesumus,
801 4212 939 4284 Domine,
953 4212 1128 4271 miseranter
1140 4212 1272 4289 intende,
1288 4221 1318 4273 et

114 4307 149 4358 ut
162 4300 218 4357 tibi
231 4296 394 4355 reddantur
410 4300 542 4369 acceptae,
558 4295 750 4351 conscientias
771 4299 887 4351 nostras
908 4293 1007 4351 Sancti
1030 4294 1158 4371 Spiritus
1178 4296 1317 4355 salutaris

112 4381 253 4440 emundet
267 4379 418 4436 adventus
463 4375 521 4433 Per
535 4374 706 4432 Dominum.
749 4375 788 4431 In
802 4375 918 4430 unitate
933 4374 1070 4449 ejusdem.

611 4526 624 4553 ¹
638 4525 811 4576 usa-Dua
