2918 4986
418 333 524 398 Ferio
542 333 581 399 ii.
603 333 646 399 irc
667 334 918 419 Ropoliorcibus.

334 522 341 543 f

331 558 337 595 Γ
372 568 471 626 Fama
492 568 637 627 Saeuum
658 585 691 626 ru
712 569 949 627 Roarmomaus.

125 673 290 813 giriacirzdiiit
313 753 350 812 de
371 754 482 830 templo
503 760 603 812 sancto
624 775 677 811 suo
690 774 792 811 vocem
805 775 909 826 meam,
925 754 1072 830 alleluya:
1103 762 1133 814 et
1156 757 1266 815 clamor

61 848 148 895 meus
160 837 193 893 in
207 841 362 912 conspeetu
376 835 448 912 ejus,
463 835 600 893 introivit
615 837 646 892 in
659 855 743 892 aures
757 837 829 911 ejus,
844 836 979 912 alleluya,
996 837 1129 914 alleluya.

125 933 270 991 Psalmas.

126 1014 258 1090 Diligam
270 1020 310 1086 te,
325 1013 462 1084 Domine,
476 1013 621 1070 fortitudo
639 1033 724 1071 mea:
754 1013 901 1071 Dominus
919 1013 1139 1074 firmamentum
1157 1034 1263 1089 meum,

63 1101 95 1154 et
108 1096 255 1172 refugium
268 1114 375 1166 meum,
392 1100 422 1151 et
435 1095 575 1151 liberator
587 1114 677 1151 meus.

25 1213 30 1220 ·
126 1193 235 1253 Oratio.

125 1275 246 1348 Prasia,
262 1294 437 1351 quaesumus,
452 1275 637 1350 omnipotens
659 1274 748 1346 Deus,
764 1280 799 1331 ut
813 1275 865 1350 qui
878 1275 910 1331 in
929 1275 1085 1334 afflictione
1106 1283 1209 1334 nostra
1229 1277 1265 1335 de

63 1362 118 1415 tua
138 1357 249 1432 pietate
273 1354 454 1428 confidimus,
477 1365 580 1412 contra
603 1356 725 1412 adversa
747 1356 845 1413 omnia
866 1361 919 1412 tua
942 1376 1056 1432 semper
1082 1359 1265 1434 protectione

62 1439 240 1495 muniamur.
283 1436 348 1494 Per.

125 1539 172 1622 [Si
186 1542 275 1600 Faria
285 1543 411 1599 secunda
424 1541 468 1598 ccl
480 1541 564 1598 lertio
578 1542 612 1598 irc
625 1541 834 1616 Repetioaibus
855 1541 973 1600 Festum
994 1544 1114 1618 aliquod
1134 1545 1262 1602 everterit

61 1623 121 1681 sice
133 1623 250 1698 Dcpec
263 1623 318 1679 sire
332 1622 467 1697 Simplex,
484 1623 562 1696 quod
575 1622 633 1679 olio
648 1631 769 1697 lesmpcrc
783 1632 851 1680 esset
864 1643 962 1681 uocem
980 1624 1155 1695 Lectionum,
1173 1634 1264 1682 totum

53 1707 117 1779 βαι
129 1705 164 1761 cle
177 1703 283 1761 Sancto
301 1724 367 1760 cum
380 1704 475 1760 Misso
491 1711 558 1777 post
574 1703 709 1760 Tertiam.
753 1703 823 1760 Post
836 1703 953 1761 Sectam
970 1725 1034 1761 uero
1047 1709 1106 1779 βαι
1121 1706 1264 1780 processio

61 1794 88 1843 et
107 1784 204 1841 Misso
228 1786 262 1841 cle
278 1783 400 1859 jejunio.
454 1784 495 1839 Ec
517 1785 688 1855 colondum,
712 1785 789 1859 qaod
812 1784 874 1842 licet
897 1784 943 1842 tis
964 1785 1062 1843 diebus
1087 1787 1205 1860 querulo
1229 1786 1264 1843 ire

61 1865 183 1923 Festum
202 1866 288 1939 quasi
307 1885 406 1921 nouem
429 1865 598 1921 Lectionum
618 1885 677 1922 raca
697 1866 875 1939 coalr'perint,
897 1886 960 1922 aaa
978 1867 1081 1938 Misso,
1103 1867 1206 1924 scilicet
1228 1868 1263 1925 de

53 1945 171 2021 jejunio
184 1945 314 2019 sufficiat,
331 1955 426 2002 tumea
438 1965 474 2001 ree
487 1946 521 2001 ia
539 1945 592 2001 teli
605 1946 731 2002 Eccksiu
753 1946 850 2021 atejus
871 1944 971 2004 Altore
995 1967 1047 2004 suo
1073 1946 1263 2021 defraudetur

60 2027 159 2101 officie,
166 2027 379 2100 prouidendum
388 2035 427 2083 est
434 2035 469 2082 αι
479 2026 518 2081 M
515 2027 574 2083 isso
582 2026 775 2084 Docciuicelis
783 2028 824 2083 acl
833 2027 930 2102 majus
937 2027 1037 2085 Allore
1046 2037 1114 2103 post
1125 2027 1259 2100 l'ertr'am,

59 2107 122 2164 uisi
141 2107 300 2181 almerardo
318 2107 381 2163 olio
394 2107 536 2182 processio
555 2107 597 2164 ibi
615 2107 711 2164 veniat
730 2107 913 2179 celebraturo,
935 2109 1034 2165 diebus
1053 2108 1116 2166 lais*
1137 2129 1157 2166 α
1173 2119 1261 2166 retro·

59 2187 282 2246 lebdoocudorio
297 2187 451 2246 celebretur.
495 2187 608 2244 Deinde
633 2197 700 2263 post
721 2188 838 2246 Sestum
862 2189 970 2246 dictam
986 2193 1046 2264 βαι
1064 2190 1207 2265 processio
1228 2198 1262 2246 αι

59 2268 94 2325 ia
107 2267 318 2326 Processionoli
332 2268 608 2326 continetur-MS,
625 2266 677 2348 D]

120 2407 217 2464 Lectio
230 2406 368 2482 Epistola
382 2406 456 2464 leoli
470 2406 573 2466 Jccotc‘
585 2404 717 2481 Apostoli
733 2409 776 2484 (c.
795 2405 912 2482 16-20).

121 2499 288 2559 Carissimi:
310 2498 498 2557 Oonfitemini
518 2499 695 2556 alterutrum
716 2505 834 2576 peccata
847 2504 946 2556 vestra
962 2519 1051 2574 usque
1067 2499 1110 2558 ool
1121 2507 1152 2558 et
1166 2500 1261 2576 operit

58 2581 282 2639 multitudinem
296 2587 488 2656 peccatorum.

119 2661 267 2736 Alleluya.
316 2661 344 2718 V.
389 2660 579 2717 Confitemini
603 2660 731 2718 Domino
756 2660 895 2736 quoniam
919 2661 1032 2718 bonus:
1063 2661 1203 2736 quoniam
1226 2661 1259 2719 in

57 2743 197 2801 soeoulum
212 2741 409 2799 misericordia
422 2742 492 2816 ejus.

118 2839 283 2898 Semurium
296 2838 408 2897 Lucum
422 2837 477 2913 (cci.
495 2838 590 2915 5-13).

119 2921 159 2977 In
173 2920 223 2977 illo
237 2926 375 2995 tempore,
392 2919 481 2976 Dixit
502 2919 524 2975 J
525 2938 590 2975 esus
608 2918 757 2994 discipulis
779 2918 839 2974 suis
849 2937 857 2989 3
888 2917 962 2986 Quis
983 2923 1114 2974 vestrum
1136 2917 1257 2975 habebit

56 3001 192 3072 amicum,
209 3006 239 3057 et
258 3001 316 3057 ibit
335 3000 373 3057 ad
392 3000 478 3056 illum
493 2999 588 3056 media
600 3004 686 3056 nocte
706 3019 796 3073 usque
817 2999 857 3055 ccl
878 2999 961 3056 dabit
982 2998 1126 3074 Spiritum
1145 2999 1256 3055 bonum
1353 3041 1355 3044 >

54 3082 225 3159 petentibus
243 3083 294 3138 sel
1256 3094 1257 3098 ’

118 3174 310 3249 offertorium.

118 3256 287 3314 Confitebor
301 3255 429 3312 Domino
443 3254 531 3311 nimis
545 3255 578 3311 in
592 3274 642 3311 ore
656 3273 737 3310 meo:
759 3261 789 3311 et
803 3253 835 3310 in
849 3253 944 3310 medio
955 3253 1116 3310 multorum
1129 3252 1255 3311 laudabo

55 3356 132 3409 eum,
144 3337 196 3413 qui
205 3336 302 3393 astitit
314 3336 352 3392 ad
362 3337 514 3393 dexteram
525 3335 675 3412 pauperis:
695 3343 730 3391 ut
741 3336 852 3392 salvam
862 3335 970 3391 faceret
983 3354 1001 3390 a
1013 3334 1255 3410 persequentibus

56 3417 185 3474 animam
198 3436 301 3490 meam,
316 3417 451 3493 alleluya.

116 3508 236 3568 Secreto.

116 3590 191 3647 Haeo
205 3610 335 3661 munera,
351 3609 526 3666 quaesumus,
541 3590 678 3660 Domine,
695 3595 725 3645 et
738 3589 856 3646 vincula
869 3594 977 3645 nostrae
993 3582 1150 3664 pravitatis
1163 3590 1255 3649 absol-

56 3676 136 3742 vant,
152 3679 182 3728 et
199 3677 258 3728 tuae
272 3671 357 3729 nobis
371 3671 575 3728 misericordiae
590 3670 666 3728 dona
680 3671 843 3727 concilient.
886 3670 945 3726 Per
960 3670 1131 3729 Dominum.

114 3762 437 3921 giiiiiihiiiiecipietis:
453 3845 584 3921 quaerite,
594 3850 625 3902 et
635 3844 792 3901 invenietis
799 3864 808 3916 ;
821 3844 945 3921 pulsate,
957 3850 987 3901 et
997 3844 1146 3920 aperietur
1155 3845 1256 3904 vobis:

56 3925 239 4083 pfffflyinim
250 3926 302 4003 qui
314 3926 398 4002 petit,
410 3927 524 4002 accipit,
537 3931 568 3982 et
577 3925 630 4001 qui
640 3925 755 4001 quaerit,
766 3925 882 3982 invenit
894 3946 899 3982 :
917 3931 947 3981 et
957 3925 1088 4001 pulsanti
1098 3927 1254 4003 aperietur,

111 4102 353 4162 Postcommuuio.

111 4185 194 4242 Vota
218 4191 328 4254 nostra,
349 4203 524 4260 quaesumus,
548 4182 685 4254 Domine,
708 4183 757 4259 pio
780 4182 880 4240 favore
903 4202 1094 4260 prosequere;
1125 4188 1160 4240 ut
1184 4182 1255 4239 dum

54 4263 127 4324 dona
139 4272 192 4325 tua
207 4265 240 4324 in
254 4264 448 4322 tribulatione
462 4264 651 4341 percepimus,
667 4263 703 4320 de
717 4264 915 4322 consolatione
928 4271 1030 4323 nostra
1043 4265 1142 4322 intuo
1156 4282 1255 4322 amore

55 4363 221 4408 crescamus.
266 4347 326 4404 Per
339 4345 510 4404 Dominum.

567 4473 745 4537 *ns-mas.

370 4553 390 4593 n
