2918 4986
204 371 345 438 Sobbeto
369 372 536 453 ercrttuor
560 371 762 456 Temperiem
784 371 912 437 Mensis
935 371 1140 458 Septembris.
1208 376 1268 437 241

128 540 264 598 Proetus.

315 619 343 678 V.
370 619 614 696 Omnipotentem
628 640 744 696 semper
758 620 892 690 adorant,

412 701 453 758 Et
469 702 646 758 benedicunt
660 721 746 758 omne
760 722 813 778 per
827 721 932 758 sevum.

371 781 777 858 Chorus-Omnipotoutem.

317 887 345 946 V.
372 887 466 944 Astra
479 889 622 963 polorum,
639 895 747 944 cuneta
761 888 900 962 chorique

411 969 519 1045 Solque
533 989 681 1045 sororque,
698 969 811 1025 lumina
824 970 896 1025 eseli.

535 1050 784 1126 Omnipotentem.

315 1156 344 1215 l'.
371 1155 419 1213 Sic
430 1175 546 1231 quoque
560 1155 688 1231 lympha
703 1175 826 1231 quaeque
841 1175 983 1232 supernae,

411 1237 473 1294 Ros
486 1238 662 1313 pluviaeque,
679 1237 801 1312 spiritus
815 1238 918 1294 omnis

536 1319 576 1375 Et
591 1318 777 1377 benedicunt,

317 1423 345 1482 V.
374 1422 457 1500 Ignis
471 1430 501 1480 et
515 1429 611 1491 aestus,
628 1444 730 1480 cauma
744 1425 878 1499 geluque,

413 1505 521 1581 Frigus
536 1511 565 1560 et
579 1505 674 1574 aulor,
691 1513 780 1579 atque
798 1505 912 1580 pruina.

536 1585 786 1661 Omnipotentem.

318 1690 347 1748 V.
374 1690 446 1760 Nix,
461 1690 634 1767 glaciesque,
650 1709 770 1766 noxque
784 1690 913 1767 diesque,

413 1771 482 1828 Lux
495 1773 690 1846 tenebraeque,
707 1771 832 1845 fulgura,
849 1771 950 1828 nubes

535 1854 576 1910 Et
590 1853 776 1910 benedicunt.

319 1957 348 2016 V.
374 1958 478 2028 Arida,
495 1965 618 2028 montes,
634 1957 776 2033 germina,
792 1957 889 2024 colles,

415 2039 562 2109 Flumina,
577 2039 681 2110 fontes,
698 2045 805 2114 pontus
820 2045 850 2095 et
864 2037 963 2095 undae,

536 2120 784 2195 Omnipotentem.

251 2266 255 2273 -
321 2224 351 2284 V.
377 2224 486 2283 Omnia
500 2225 580 2297 viva,
595 2245 660 2301 quse
675 2225 758 2282 uehit
773 2246 880 2301 mpuor,

415 2306 488 2375 Qum
502 2306 585 2363 vehit
600 2307 692 2363 aether
706 2315 843 2383 terraque
859 2307 963 2365 nutrit.

538 2388 577 2443 Et
592 2389 778 2447 benedicunt.

322 2491 351 2550 V,
378 2491 493 2548 Cuncta
506 2491 661 2547 hominum
674 2510 755 2567 gem,
771 2491 864 2548 Israel
878 2493 949 2568 ipse,

416 2572 657 2647 Ohn’stieolaeque
671 2572 782 2628 servuli
796 2573 913 2647 quique.

538 2653 788 2728 Omnipotentem.

321 2761 349 2817 l'.
377 2759 479 2817 Sancti
492 2759 675 2834 humilesque
689 2758 775 2816 eorde
789 2759 923 2834 benigno,

416 2841 545 2917 Tresque
559 2841 660 2915 pusilli
674 2846 892 2915 exsuperantes,

539 2922 580 2977 Et
593 2922 779 2978 benedicunt.

324 3024 351 3082 V.
378 3025 449 3082 Rite
463 3026 572 3082 camini
585 3025 663 3101 ignei
678 3026 810 3083 flammas

417 3107 438 3164 J
440 3106 507 3163 ussa
520 3107 642 3182 tyranni
654 3115 785 3163 temnere
799 3106 935 3182 prompti.

542 3187 792 3263 Omnipoteutem.

324 3293 352 3351 V.
380 3292 427 3350 Sit
441 3293 578 3350 Genitori
592 3294 657 3350 laus
672 3293 855 3368 Genitoque:

420 3373 556 3449 Lausque
571 3375 656 3430 beato
671 3375 801 3430 Flamini
816 3374 931 3432 Sancto.

541 3453 581 3511 Et
595 3456 780 3512 benedicunt.

279 3587 282 3592 .
382 3536 632 3612 Omnipoteutem.

139 3659 228 3718 Nuus
242 3660 354 3718 dieitur
368 3659 515 3716 Dominus
528 3658 688 3716 vobiscum.

141 3741 251 3799 Oratio.

139 3823 230 3894 Deus,
247 3822 298 3898 qui
312 3821 409 3878 tribus
423 3820 521 3897 pueris
535 3821 680 3897 mitigasti
693 3821 826 3877 flammas
841 3820 965 3896 ignium,
979 3821 1113 3895 concede,
1128 3826 1282 3900 propitius,

66 3908 111 3962 ut
138 3923 193 3961 nos
219 3903 345 3961 famulos
371 3909 438 3960 tuos
461 3922 522 3958 non
550 3908 656 3959 exurat
682 3902 801 3959 flamma
828 3902 978 3960 vitiorum.
1036 3903 1095 3961 Per
1122 3904 1285 3962 Dominum

71 3991 222 4044 nostrum.

138 4090 191 4148 As
203 4088 339 4148 Hebraeos
349 4088 405 4165 (is.
424 4089 520 4165 2-12).

138 4173 278 4230 Fratres:
304 4169 538 4227 Tabernaeulum
552 4169 663 4226 factum
678 4177 722 4225 est
740 4169 877 4245 primum,
894 4169 926 4226 in
940 4189 999 4245 quo
1013 4175 1097 4227 erant
1110 4171 1285 4228 candelabra

72 4264 168 4330 usque
182 4253 223 4310 orl
236 4252 287 4310 sed
300 4271 354 4328 per
368 4252 519 4326 proprium
540 4250 721 4326 sanguinem,
738 4251 877 4307 introivit
891 4251 981 4308 semel
1000 4251 1033 4308 in
1053 4257 1162 4324 saneta,
1175 4259 1285 4310 aeterna

75 4334 281 4410 redemptione
294 4333 426 4390 inventa.

143 4416 276 4472 Tractus.

138 4496 274 4554 Laudato
288 4493 461 4566 Dominum,
478 4512 579 4551 omnes
593 4497 711 4569 gentes:
733 4499 764 4550 et
778 4493 941 4551 collaudate
956 4512 1024 4553 eum
1039 4512 1139 4553 omnes
1153 4496 1263 4572 populi.

515 4591 536 4630 a
