2918 4986
414 300 631 367 Hebdomada
644 300 685 366 ii.
704 299 986 387 androposioaoo.
1077 311 1082 324 '
1259 308 1300 372 65

163 468 259 527 Lectio
273 469 341 527 libri
356 467 470 527 Geroda
489 468 612 545 (ararad.
630 467 724 545 6-22).

163 549 203 606 In
216 550 318 607 diebus
330 549 398 622 illis,
414 549 502 606 Dixit
515 550 536 607 J
539 548 628 625 oseph
647 548 789 606 fratribus
809 547 887 607 suis:
907 548 1022 607 Audite
1042 549 1190 608 somnium
1203 570 1301 610 meum

102 630 182 706 quod
195 630 257 687 vidi
276 651 366 705 usqae
379 631 421 687 od
440 630 508 687 Hoc
528 635 629 686 autem
649 628 772 702 dicebat,
787 629 888 688 volens
908 650 976 688 eum
992 629 1103 708 eripere
1116 631 1153 690 do
1166 631 1302 692 manibus

102 730 212 782 eorum,
229 716 259 768 et
271 710 392 768 reddere
405 711 485 788 patri
498 730 559 768 suc.

166 790 299 850 Grodalo.
1149 864 1152 870 ι

162 871 214 929 Ad
228 871 391 930 Dominum
404 892 471 930 cum
484 870 642 929 tribularer
655 871 798 929 clamavi:
823 875 854 928 et
866 871 1021 930 exaudivit
1034 892 1088 931 me

108 952 138 1010 V.
163 952 301 1025 Domine,
316 952 406 1010 libera
419 952 548 1010 animam
561 971 656 1010 meam
670 972 687 1009 a
700 952 786 1010 labiis
799 952 928 1029 iniquis:
950 958 980 1010 et
993 973 1011 1010 a
1023 952 1126 1031 lingua
1139 952 1246 1014 dolosa

162 1032 329 1091 Secundum
342 1033 516 1090 Mottboeam
536 1033 611 1110 (arci.
630 1033 744 1111 33-46).

163 1113 203 1170 In
226 1113 278 1171 illo
297 1119 435 1191 tempore,
458 1114 547 1171 Dixit
570 1114 658 1171 Jesus
678 1112 829 1189 discipulis
852 1113 912 1170 suis
936 1119 967 1171 et
990 1114 1086 1172 turbis
1110 1114 1301 1175 Judaeorum:

101 1193 205 1253 Homo
224 1194 344 1270 quidam
364 1200 427 1252 erat
447 1193 664 1270 paterfamilias,
680 1194 732 1270 qui
752 1194 899 1270 plantavit
912 1195 1030 1252 vineam
1045 1216 1135 1271 aequa
1155 1198 1196 1254 ad
1216 1197 1303 1256 timu·

100 1280 191 1332 erunt
203 1276 321 1333 turbas:
342 1275 482 1352 quoniam
494 1275 570 1333 sicut
583 1274 757 1351 prophetam
770 1294 838 1332 eum
851 1274 1007 1333 habebant.

165 1354 357 1429 Offmtoriam.

163 1436 298 1509 Domine,
308 1437 341 1493 in
351 1436 497 1494 auxilium
508 1456 606 1493 meum
615 1435 743 1512 respice:
764 1434 983 1493 confundantur
996 1440 1026 1493 et
1039 1443 1236 1512 revereantur,
1250 1440 1302 1516 qui
1353 1511 1356 1515 ἢ

98 1524 239 1594 quaenmt
252 1518 380 1574 animam
393 1537 498 1590 meam,
513 1523 549 1574 ut
561 1516 698 1574 auferant
711 1535 783 1574 eam.

161 1597 282 1656 Scaea.

161 1677 279 1735 Haecin
288 1678 373 1736 nobis
383 1678 531 1750 sacrificia,
542 1676 671 1735 Domine
679 1678 771 1751 Deus,
780 1680 811 1735 et
824 1675 938 1735 actione
948 1682 1149 1754 permaneant,
1162 1683 1193 1737 et
1203 1699 1300 1758 opera-

97 1757 183 1817 tione
195 1759 357 1817 firmentur.
401 1759 459 1816 Per
473 1760 643 1816 Dominum
682 1814 685 1820 .

162 1837 343 1898 Coruncanio.

161 1919 215 1992 Di,
238 1921 375 1994 Domine,
398 1920 527 1978 servabis
546 1939 618 1979 nos:
643 1923 674 1977 et
693 1917 839 1978 custodies
862 1938 916 1977 nos
940 1939 957 1977 a
980 1920 1167 1997 generatione
1188 1921 1243 1981 hac
1266 1922 1299 1980 in

95 2005 250 2059 aeternum.

160 2081 400 2140 Pootooormaaio.

159 2162 219 2220 Fac
232 2182 294 2235 noa,
309 2164 444 2235 Domine,
460 2166 578 2238 accepto
591 2161 713 2238 pignore
727 2161 830 2219 salutis
844 2166 969 2233 aeternae,
986 2162 1027 2220 sic
1040 2163 1160 2221 tendere
1176 2183 1299 2243 congru·

95 2247 201 2301 enter:
219 2250 256 2301 ut
268 2244 306 2300 ad
320 2263 384 2301 eam
397 2243 550 2320 pervenire
562 2243 714 2319 possimus.
756 2241 815 2300 Per
828 2242 998 2301 Dominum.

158 2323 254 2400 Sapor
266 2324 421 2400 Populum.
1331 2381 1333 2386 .

158 2404 214 2478 Da,
231 2405 558 2480 quaesumueromine,
580 2403 689 2480 populo
709 2409 762 2460 tuo
782 2403 907 2461 salutem
927 2404 1035 2462 mentis
1055 2410 1085 2462 et
1106 2406 1242 2483 corporis,
1262 2413 1298 2464 nt

94 2484 183 2542 bonis
210 2485 345 2562 operibus
371 2484 549 2558 inhaerendo,
574 2492 634 2542 tuae
662 2503 776 2562 semper
798 2484 920 2543 virtutis
946 2492 1094 2543 mereatur
1116 2489 1297 2564 protectione

93 2564 223 2625 defendi.
266 2566 325 2624 Per
338 2566 508 2624 Dominum.
1317 2567 1321 2577 '

623 2725 771 2785 Sarrano.

159 2806 298 2883 Officium.

157 2887 222 2946 Lex
242 2889 365 2946 Domini
384 2886 648 2964 irreprehensibilis
668 2892 841 2944 convertens
860 2886 990 2946 animas:
1013 2886 1216 2948 testimonium
1236 2890 1294 2949 Do·

93 2968 171 3028 mini
184 2969 278 3042 fidele,
294 2969 468 3046 sapientiam
480 2975 622 3045 praestana
635 2967 774 3044 parvulis.

157 3050 302 3109 Probatos.

158 3130 231 3189 (laeli
245 3136 383 3190 enarrant
396 3131 520 3208 gloriam
533 3130 609 3187 Dei:
629 3135 660 3187 et
673 3147 761 3205 opera
776 3147 918 3186 manuum
938 3129 1001 3206 ejus
1020 3129 1180 3190 annuntiat
1199 3130 1294 3190 firma-

95 3217 239 3270 mentum.

159 3292 268 3351 Oratio.

156 3373 214 3446 Da,
228 3393 402 3451 quaesumus,
418 3373 554 3444 Domine,
570 3373 677 3430 nostris
697 3371 833 3430 effectum
849 3370 972 3448 jejuniis
992 3372 1169 3432 salutarem:
1189 3379 1224 3432 ut
1238 3394 1295 3444 cas-

94 3453 201 3531 tigatio
221 3454 317 3512 carnis
336 3459 494 3531 assumpta,
509 3454 547 3510 ad
565 3459 732 3511 nostrarum
745 3452 961 3529 vegetationem
974 3458 1107 3512 transeat
1119 3455 1293 3515 animarum.

37 3577 39 3580 ι
95 3533 156 3593 Per
168 3535 339 3593 Dominum.

155 3615 251 3674 Leoni>
265 3616 333 3674 libri
347 3615 461 3674 Genesis
481 3615 584 3693 (caedi.
602 3614 696 3692 6-39).

157 3695 197 3754 In
217 3696 319 3755 diebus
338 3697 407 3769 illis,
424 3697 513 3754 Dixit
526 3696 658 3754 Rebecca
676 3695 737 3752 filio
755 3714 808 3752 suo
821 3695 914 3753 Jacob
923 3713 932 3767 3
952 3694 1068 3752 Audivi
1081 3700 1195 3772 patrem
1208 3702 1294 3755 tuum

94 3776 264 3853 loquentem
278 3797 345 3835 cum
358 3777 438 3834 Esau
451 3777 542 3833 fratre
556 3783 609 3835 tuo
629 3796 719 3852 aeque
739 3777 779 3833 od
799 3776 839 3832 In
851 3775 1028 3853 pinguedine
1041 3781 1127 3835 terrae
1141 3784 1172 3836 et
1184 3778 1217 3835 in
1230 3798 1295 3837 rore
1326 3776 1329 3783 ’

95 3857 161 3916 caeli
173 3858 306 3935 desuper,
320 3858 378 3916 erit
390 3857 556 3916 benedictio
569 3864 630 3915 tua

158 3938 308 3998 drudam·

156 4018 333 4097 Bonumueet
347 4019 481 4078 confiteri
494 4017 623 4076 Domino
636 4038 643 4076 ε
664 4022 694 4076 et
707 4017 830 4095 psallere
843 4016 957 4075 nomini
970 4023 1031 4091 tuo,
1045 4019 1208 4079 Altissime.

100 4098 130 4158 V.
156 4100 209 4159 Ad
221 4101 461 4159 annuntiandum
474 4120 560 4157 mane
573 4099 800 4157 misericordiam
813 4104 913 4158 tuam:
934 4105 965 4158 et
979 4100 1134 4158 veritatem
1146 4106 1229 4158 tuam
1242 4118 1294 4176 per

93 4186 355 4339 noeldaeweliam.
397 4262 565 4321 Secundam
577 4261 690 4319 Ducam
709 4260 771 4337 (aa.
789 4259 904 4338 11-32)

155 4343 194 4401 In
213 4346 266 4404 illo
285 4351 426 4421 tempore,
445 4344 535 4400 Dixit
554 4342 576 4402 J
578 4362 643 4400 esus
663 4340 812 4417 discipulis
831 4342 891 4400 suis
899 4359 909 4416 ;
929 4336 1030 4402 Homo
1050 4338 1169 4419 quidam
1188 4334 1293 4424 habuit

92 4424 168 4485 duos
180 4425 256 4486 filios
275 4445 368 4502 aequo
381 4425 423 4483 ad
442 4424 577 4502 perierat,
591 4429 623 4482 et
635 4423 774 4481 inventus
788 4428 840 4481 est.
1023 4451 1025 4455 ν

113 4538 115 4542 1
490 4521 509 4561 r
