2886 4994
198 348 219 407 4
573 340 756 405 Doruiuica
775 341 824 405 II.
841 342 1025 408 Adteutua.

256 509 302 565 lli
313 508 373 565 duo
394 505 496 564 Vernis
511 505 644 564 laetatus
656 517 684 564 et
696 507 817 566 Stantem
836 510 976 566 dicaretur
993 509 1163 568 ahmiu
1177 533 1234 587 per
1251 513 1400 571 lietduinu-

196 591 274 659 dam,
296 588 416 664 quaudo
438 588 474 645 dc
496 587 586 644 Feria
608 589 717 662 uqitur,
739 590 783 644 ita
806 591 885 664 quod
908 591 941 646 in
962 589 1121 648 Domiaicu
1142 593 1263 650 diaetas·
1280 596 1397 670 primus

203 669 314 738 Veron,
328 677 356 725 ct
363 668 499 743 proeium
511 669 567 738 dee,
583 670 703 743 pseudo
715 670 817 744 uqitur
829 672 864 726 de
878 670 974 739 Fer-iu,
989 673 1133 729 arnaudus
1152 673 1263 731 Vm

257 749 420 824 Sequentia.

317 830 503 906 Regnantem
516 830 694 905 sempiterna

318 910 377 968 Per
389 910 495 967 meula
506 918 677 986 susceptura

318 991 429 1048 condo
442 990 548 1048 devote
561 1010 712 1067 concrepa,

318 1071 447 1129 Auctori
459 1070 608 1129 reddendo
621 1071 738 1128 debita:

318 1153 413 1222 Quem
423 1152 556 1228 jubilant
568 1152 686 1228 agmina
698 1152 806 1222 caelica,
819 1154 884 1228 ejus
896 1153 985 1211 vultu
998 1154 1183 1213 exhilarata:

317 1233 411 1302 Quem
427 1240 585 1309 expectant
599 1234 699 1289 omnia
712 1241 817 1304 terrea,
833 1235 897 1309 ejus
909 1242 989 1292 nutu
1002 1236 1208 1306 examinanda,

317 1314 495 1372 Districtum
508 1313 547 1371 ad
555 1313 678 1390 judicia,

317 1395 499 1452 Clementem
513 1395 546 1451 in
559 1395 699 1470 potentia

317 1476 381 1533 Tua
394 1496 448 1533 nos
460 1475 550 1546 salva,
566 1475 692 1547 Christe,
707 1476 871 1546 elementia,
885 1485 1005 1554 propter
1017 1497 1092 1554 quos
1104 1498 1207 1554 passus
1219 1499 1251 1537 es
1263 1481 1334 1538 dira

316 1557 367 1614 Ad
380 1557 441 1633 poli
454 1563 534 1613 astra
547 1556 668 1613 subleua
680 1557 785 1627 nitida,
801 1559 854 1632 qui
867 1557 952 1615 sorde
965 1559 1056 1634 tergis
1068 1559 1180 1617 saeculn

317 1638 432 1696 Influat
444 1637 523 1695 salus
536 1656 624 1708 vera;
644 1637 739 1712 effuge
752 1637 888 1712 pericula.

317 1719 427 1776 Omnia
439 1724 475 1774 ut
488 1718 550 1773 sint
564 1717 684 1787 munda,
698 1717 797 1774 tribue
810 1719 930 1793 pacifica
943 1740 950 1788 ;

318 1799 366 1856 Ut
379 1799 427 1855 hie
439 1805 493 1854 tua
505 1797 580 1853 salvi
593 1798 790 1854 misericordia

317 1880 395 1936 Laeti
407 1897 499 1954 regna
511 1884 578 1953 post
592 1877 731 1934 adeamus
744 1898 859 1954 supera,

317 1960 384 2029 Quo
397 1977 501 2034 regnas
514 1957 619 2014 saecnla
632 1977 685 2034 per
697 1959 822 2016 infinita

255 2039 457 2114 Evcnqelium.
500 2036 668 2095 Secundum
682 2039 801 2096 Luctum
817 2041 893 2116 (aei.
918 2042 1032 2118 2533).

256 2121 296 2177 In
321 2121 374 2177 illo
398 2126 537 2194 tempore,
561 2118 650 2176 Dixit
669 2119 692 2175 J
693 2140 759 2176 esus
783 2121 935 2198 discipulis
955 2124 1025 2194 suis,
1052 2123 1153 2182 Erunt
1173 2126 1259 2204 signa
1283 2127 1316 2183 in
1339 2127 1392 2184 sole

193 2222 286 2277 cisque
299 2202 340 2259 cd
353 2200 445 2257 verba
457 2207 558 2256 autem
571 2219 636 2256 mee
649 2219 710 2258 non
723 2202 878 2259 transient.

257 2281 450 2357 offertorium.

256 2363 347 2435 Deus,
363 2369 398 2418 tu
418 2365 592 2418 convertens
612 2361 775 2419 vivifioebis
795 2382 867 2419 nos:
887 2370 918 2421 et
941 2363 1024 2441 plebs
1048 2372 1101 2423 tua
1122 2367 1275 2426 laetabitur
1294 2372 1329 2428 in
1350 2377 1394 2427 te:

194 2444 315 2506 ostende
328 2442 423 2515 nobis,
438 2442 575 2513 Domine,
590 2442 819 2500 misericordiam
833 2450 926 2516 tuam,
941 2453 972 2502 et
985 2445 1114 2504 mlutare
1126 2453 1216 2506 tuum
1228 2451 1268 2509 da
1280 2451 1370 2509 nobis

255 2525 374 2583 Secreto.

255 2607 384 2677 Placere,
400 2622 573 2681 quaesumus,
590 2603 727 2675 Domine,
742 2604 921 2663 humilitatis
941 2614 1049 2665 nostru
1069 2609 1205 2685 precibus
1225 2619 1257 2669 et
1274 2612 1395 2684 hostile

194 2696 225 2748 et
239 2689 291 2745 ubi
304 2687 387 2745 nulla
400 2690 563 2762 suppetunt
576 2685 697 2761 praemia
715 2686 896 2758 meritorum,
912 2688 973 2744 tuis
990 2689 1076 2745 nobis
1095 2710 1232 2750 succurre
1245 2694 1394 2770 praesidiis.

195 2772 255 2829 Per
267 2769 439 2827 Dominum
1406 2760 1410 2776 ⁶

256 2849 434 2911 Oomvnunio.

254 2931 451 3002 Hiemrsalem,
467 2948 553 3006 surge
567 2934 659 2986 etsta
672 2928 705 2984 in
719 2928 842 3000 excelso,
857 2935 887 2986 et
901 2930 969 2987 ride
985 2931 1203 3006 jocunditatem
1218 2954 1285 3011 quae
1299 2936 1394 2994 veniet

195 3015 283 3075 tibia
296 3015 362 3072 Deo
375 3020 435 3070 tuo.

254 3093 495 3153 Postcommuuio,

254 3175 374 3251 Repleti
394 3174 459 3231 cibo
475 3172 638 3248 spiritualis
659 3170 816 3242 alimonie,
832 3172 976 3248 supplices
989 3179 1029 3245 te,
1043 3173 1181 3247 Domine,
1196 3176 1399 3253 deprecamur„

193 3264 229 3314 ut
242 3257 331 3330 hujus
344 3253 569 3330 participatione
590 3253 724 3327 mysterii
744 3252 846 3308 doceas
866 3272 920 3309 nos
940 3261 1057 3311 terrena
1077 3256 1234 3333 despicere,
1249 3265 1282 3317 et
1299 3257 1394 3317 amare

195 3335 328 3394 celestia.
371 3333 430 3391 Per
444 3332 615 3389 Dominum.

666 3460 767 3517 Fnam
781 3460 918 3530 Qumis

253 3578 350 3638 Lectio
364 3575 462 3634 Esaiae
475 3571 627 3648 Propheta
639 3571 686 3648 (li
706 3573 778 3650 1-6)

255 3661 330 3718 Haec
346 3657 418 3716 dicit
432 3653 597 3712 Dominus:
618 3654 732 3711 Audite
752 3675 800 3713 me
820 3677 910 3732 eoque
929 3660 970 3716 od
985 3659 1105 3735 justitia
1118 3680 1184 3719 mea
1197 3682 1260 3720 non
1272 3665 1391 3733 deficiet,

193 3744 237 3800 oit
250 3740 397 3799 Dominus
411 3735 603 3811 omnipotens.
727 3773 732 3784 ,

253 3821 419 3880 Secundum
433 3816 606 3873 Mattlueum
620 3815 640 3893 (¹
663 3817 670 3829 ”
695 3817 808 3895 11-15)

253 3904 293 3961 In
315 3902 367 3959 illo
390 3907 530 3974 tempore,
554 3897 642 3954 Dixit
662 3897 750 3956 Jesus
774 3900 870 3958 turbis
891 3906 922 3958 et
942 3901 1093 3979 discipulis
1112 3904 1192 3963 suis:
1213 3905 1316 3964 Amen
1329 3907 1390 3965 dieo

192 3986 282 4056 vobis,
297 3983 368 4041 Non
382 3979 511 4038 surrexit
526 3979 722 4054 majoresque
735 3981 776 4036 cd
797 3980 857 4049 Qui
875 3981 965 4039 habet
978 4002 1064 4041 aures
1077 3985 1226 4058 audiendi,
1240 3987 1348 4046 audiat

684 4109 784 4169 Fama
798 4112 906 4172 Sarra

248 4231 345 4290 Lectio
358 4229 455 4286 Esairu
469 4225 618 4300 Proptctae
631 4225 732 4302 (ccliii,
747 4228 807 4298 xli,
823 4238 849 4286 et
862 4230 944 4307 elii.)

182 4370 190 4386 ,,
250 4314 325 4371 Heec
349 4310 420 4367 dicit
441 4308 588 4365 Dominus
609 4306 700 4378 Deus,
723 4309 906 4386 Redemptor
926 4317 1032 4386 vester,
1054 4313 1180 4370 Sanctus
1200 4313 1297 4373 Israel
1306 4336 1316 4388 3
1336 4316 1394 4374 Do-

188 4395 286 4453 minus
306 4392 490 4451 exercituum
510 4406 617 4444 nomen
638 4386 718 4461 ojus:
741 4389 860 4449 Primus
880 4392 919 4449 ad
939 4391 1010 4450 Sion
1032 4393 1122 4453 dicit:
1145 4394 1220 4452 Ecce
1240 4415 1348 4469 ussum,
1363 4404 1393 4454 ct

189 4474 377 4535 Hierusalem
404 4468 614 4548 evangelistam
635 4467 718 4527 dabo.
773 4470 848 4530 Ecce
875 4492 978 4531 servus
1005 4491 1095 4547 meus,
1119 4475 1274 4554 suscipiam
1305 4497 1392 4537 eum:
