<?xml version="1.0" encoding="UTF-8"?>
<!DOCTYPE html PUBLIC "-//W3C//DTD XHTML 1.0 Transitional//EN"
    "http://www.w3.org/TR/xhtml1/DTD/xhtml1-transitional.dtd">
<html xmlns="http://www.w3.org/1999/xhtml" xml:lang="en" lang="en">
 <head>
  <title>
</title>
<meta http-equiv="Content-Type" content="text/html;charset=utf-8" />
  <meta name='ocr-system' content='tesseract 3.04.00' />
  <meta name='ocr-capabilities' content='ocr_page ocr_carea ocr_par ocr_line ocrx_word'/>
</head>
<body>
  <div class='ocr_page' id='page_1' title='image "./missaleadusumin03churgoog_0257.png"; bbox 0 0 2886 4994; ppageno 0'>
   <div class='ocr_carea' id='block_1_1' title="bbox 592 305 849 373">
    <p class='ocr_par' dir='ltr' id='par_1_1' title="bbox 592 305 849 373">
     <span class='ocr_line' id='line_1_1' title="bbox 592 305 849 373; baseline -0.004 0"><span class='ocrx_word' id='word_1_1' title='bbox 592 305 712 373; x_wconf 80' lang='lat' dir='ltr'>Carion</span> <span class='ocrx_word' id='word_1_2' title='bbox 726 306 849 372; x_wconf 82' lang='lat' dir='ltr'>Missoe.</span> 
     </span>
    </p>
   </div>
   <div class='ocr_carea' id='block_1_2' title="bbox 105 474 1325 1766">
    <p class='ocr_par' dir='ltr' id='par_1_2' title="bbox 277 474 963 1260">
     <span class='ocr_line' id='line_1_2' title="bbox 280 474 891 550; baseline -0.002 -17"><span class='ocrx_word' id='word_1_3' title='bbox 280 474 403 533; x_wconf 82' lang='lat' dir='ltr'>Salvum</span> <span class='ocrx_word' id='word_1_4' title='bbox 417 474 464 532; x_wconf 86' lang='lat' dir='ltr'>fac</span> <span class='ocrx_word' id='word_1_5' title='bbox 477 474 619 550; x_wconf 92' lang='lat' dir='ltr'>populum</span> <span class='ocrx_word' id='word_1_6' title='bbox 633 480 729 544; x_wconf 86' lang='lat' dir='ltr'>tuum,</span> <span class='ocrx_word' id='word_1_7' title='bbox 745 474 891 533; x_wconf 84' lang='lat' dir='ltr'><strong>Domine:</strong></span> 
     </span>
     <span class='ocr_line' id='line_1_3' title="bbox 319 555 758 613; baseline 0.002 -2"><span class='ocrx_word' id='word_1_8' title='bbox 319 556 361 611; x_wconf 87' lang='lat' dir='ltr'>Et</span> <span class='ocrx_word' id='word_1_9' title='bbox 374 555 496 613; x_wconf 83' lang='lat' dir='ltr'>benedic</span> <span class='ocrx_word' id='word_1_10' title='bbox 510 555 678 611; x_wconf 70' lang='lat' dir='ltr'>haereditati</span> <span class='ocrx_word' id='word_1_11' title='bbox 691 561 758 612; x_wconf 88' lang='lat' dir='ltr'>tuae.</span> 
     </span>
     <span class='ocr_line' id='line_1_4' title="bbox 278 635 802 711; baseline -0.002 -17"><span class='ocrx_word' id='word_1_12' title='bbox 278 635 404 694; x_wconf 91' lang='lat' dir='ltr'>Oremus</span> <span class='ocrx_word' id='word_1_13' title='bbox 417 655 470 711; x_wconf 89' lang='lat' dir='ltr'>pro</span> <span class='ocrx_word' id='word_1_14' title='bbox 484 636 599 692; x_wconf 88' lang='lat' dir='ltr'>afflictis</span> <span class='ocrx_word' id='word_1_15' title='bbox 614 642 644 693; x_wconf 87' lang='lat' dir='ltr'>et</span> <span class='ocrx_word' id='word_1_16' title='bbox 658 635 802 711; x_wconf 86' lang='lat' dir='ltr'>captivis:</span> 
     </span>
     <span class='ocr_line' id='line_1_5' title="bbox 319 716 963 788; baseline 0.002 -14"><span class='ocrx_word' id='word_1_17' title='bbox 319 717 411 774; x_wconf 83' lang='lat' dir='ltr'>Mitto</span> <span class='ocrx_word' id='word_1_18' title='bbox 424 717 476 788; x_wconf 84' lang='lat' dir='ltr'>eis,</span> <span class='ocrx_word' id='word_1_19' title='bbox 491 716 628 787; x_wconf 83' lang='lat' dir='ltr'>Domine,</span> <span class='ocrx_word' id='word_1_20' title='bbox 643 717 789 773; x_wconf 84' lang='lat' dir='ltr'>auxilium</span> <span class='ocrx_word' id='word_1_21' title='bbox 803 717 840 774; x_wconf 93' lang='lat' dir='ltr'>de</span> <span class='ocrx_word' id='word_1_22' title='bbox 854 724 963 776; x_wconf 86' lang='lat' dir='ltr'>sancto.</span> 
     </span>
     <span class='ocr_line' id='line_1_6' title="bbox 279 797 936 870; baseline 0.003 -16"><span class='ocrx_word' id='word_1_23' title='bbox 279 799 351 855; x_wconf 79' lang='lat' dir='ltr'>Esto</span> <span class='ocrx_word' id='word_1_24' title='bbox 365 798 459 867; x_wconf 90' lang='lat' dir='ltr'>nobis,</span> <span class='ocrx_word' id='word_1_25' title='bbox 475 798 611 870; x_wconf 85' lang='lat' dir='ltr'>Domine,</span> <span class='ocrx_word' id='word_1_26' title='bbox 628 798 720 854; x_wconf 89' lang='lat' dir='ltr'>turris</span> <span class='ocrx_word' id='word_1_27' title='bbox 733 797 936 856; x_wconf 85' lang='lat' dir='ltr'>fortitudinis:</span> 
     </span>
     <span class='ocr_line' id='line_1_7' title="bbox 319 878 709 954; baseline 0.003 -19"><span class='ocrx_word' id='word_1_28' title='bbox 319 878 389 935; x_wconf 85' lang='lat' dir='ltr'>Fiat</span> <span class='ocrx_word' id='word_1_29' title='bbox 402 899 462 954; x_wconf 83' lang='lat' dir='ltr'>pax</span> <span class='ocrx_word' id='word_1_30' title='bbox 475 879 508 935; x_wconf 93' lang='lat' dir='ltr'>in</span> <span class='ocrx_word' id='word_1_31' title='bbox 522 879 635 935; x_wconf 85' lang='lat' dir='ltr'>virtute</span> <span class='ocrx_word' id='word_1_32' title='bbox 649 885 709 936; x_wconf 91' lang='lat' dir='ltr'>tua.</span> 
     </span>
     <span class='ocr_line' id='line_1_8' title="bbox 279 959 915 1034; baseline 0.003 -18"><span class='ocrx_word' id='word_1_33' title='bbox 279 960 415 1032; x_wconf 84' lang='lat' dir='ltr'>Domine,</span> <span class='ocrx_word' id='word_1_34' title='bbox 430 960 513 1017; x_wconf 90' lang='lat' dir='ltr'>Deus</span> <span class='ocrx_word' id='word_1_35' title='bbox 527 959 684 1034; x_wconf 88' lang='lat' dir='ltr'>virtutum,</span> <span class='ocrx_word' id='word_1_36' title='bbox 700 966 839 1017; x_wconf 83' lang='lat' dir='ltr'>converte</span> <span class='ocrx_word' id='word_1_37' title='bbox 855 980 915 1018; x_wconf 83' lang='lat' dir='ltr'>nos</span> 
     </span>
     <span class='ocr_line' id='line_1_9' title="bbox 278 1040 834 1111; baseline 0.002 -14"><span class='ocrx_word' id='word_1_38' title='bbox 278 1041 416 1111; x_wconf 89' lang='lat' dir='ltr'>Domine,</span> <span class='ocrx_word' id='word_1_39' title='bbox 430 1040 539 1097; x_wconf 86' lang='lat' dir='ltr'>exaudi</span> <span class='ocrx_word' id='word_1_40' title='bbox 553 1041 716 1098; x_wconf 87' lang='lat' dir='ltr'>orationem</span> <span class='ocrx_word' id='word_1_41' title='bbox 729 1061 834 1098; x_wconf 88' lang='lat' dir='ltr'>meam.</span> 
     </span>
     <span class='ocr_line' id='line_1_10' title="bbox 277 1121 958 1198; baseline 0.003 -20"><span class='ocrx_word' id='word_1_42' title='bbox 277 1122 425 1178; x_wconf 90' lang='lat' dir='ltr'>Dominus</span> <span class='ocrx_word' id='word_1_43' title='bbox 438 1122 598 1179; x_wconf 86' lang='lat' dir='ltr'>vobiscum.</span> <span class='ocrx_word' id='word_1_44' title='bbox 641 1121 682 1178; x_wconf 90' lang='lat' dir='ltr'>Et</span> <span class='ocrx_word' id='word_1_45' title='bbox 696 1135 764 1178; x_wconf 91' lang='lat' dir='ltr'>cum</span> <span class='ocrx_word' id='word_1_46' title='bbox 777 1122 883 1198; x_wconf 87' lang='lat' dir='ltr'>spiritu</span> <span class='ocrx_word' id='word_1_47' title='bbox 897 1128 958 1180; x_wconf 89' lang='lat' dir='ltr'>tuo.</span> 
     </span>
     <span class='ocr_line' id='line_1_11' title="bbox 279 1201 412 1260; baseline 0 0"><span class='ocrx_word' id='word_1_48' title='bbox 279 1201 412 1260; x_wconf 88' lang='lat' dir='ltr'>Oremus.</span> 
     </span>
    </p>

    <p class='ocr_par' dir='ltr' id='par_1_3' title="bbox 178 1283 737 1343">
     <span class='ocr_line' id='line_1_12' title="bbox 178 1283 737 1343; baseline 0 0"><span class='ocrx_word' id='word_1_49' title='bbox 178 1283 289 1343; x_wconf 83' lang='lat' dir='ltr'>Oratio,</span> <span class='ocrx_word' id='word_1_50' title='bbox 732 1336 737 1343; x_wconf 94' lang='lat'>.</span> 
     </span>
    </p>

    <p class='ocr_par' dir='ltr' id='par_1_4' title="bbox 105 1364 1325 1766">
     <span class='ocr_line' id='line_1_13' title="bbox 177 1364 1325 1443; baseline 0.003 -21"><span class='ocrx_word' id='word_1_51' title='bbox 177 1366 268 1436; x_wconf 91' lang='lat' dir='ltr'>Deus,</span> <span class='ocrx_word' id='word_1_52' title='bbox 284 1364 336 1441; x_wconf 89' lang='lat' dir='ltr'>qui</span> <span class='ocrx_word' id='word_1_53' title='bbox 356 1364 524 1422; x_wconf 80' lang='lat' dir='ltr'>admirabili</span> <span class='ocrx_word' id='word_1_54' title='bbox 544 1365 731 1441; x_wconf 81' lang='lat' dir='ltr'>providentia</span> <span class='ocrx_word' id='word_1_55' title='bbox 750 1371 855 1422; x_wconf 85' lang='lat' dir='ltr'>cuncta</span> <span class='ocrx_word' id='word_1_56' title='bbox 874 1365 1014 1441; x_wconf 90' lang='lat' dir='ltr'>disponis,</span> <span class='ocrx_word' id='word_1_57' title='bbox 1027 1371 1058 1422; x_wconf 89' lang='lat' dir='ltr'>te</span> <span class='ocrx_word' id='word_1_58' title='bbox 1072 1367 1245 1443; x_wconf 84' lang='lat' dir='ltr'>suppliciter</span> <span class='ocrx_word' id='word_1_59' title='bbox 1258 1388 1325 1426; x_wconf 87' lang='lat' dir='ltr'>exo-</span> 
     </span>
     <span class='ocr_line' id='line_1_14' title="bbox 114 1445 1324 1524; baseline 0.002 -20"><span class='ocrx_word' id='word_1_60' title='bbox 114 1466 226 1518; x_wconf 88' lang='lat' dir='ltr'>ramus,</span> <span class='ocrx_word' id='word_1_61' title='bbox 242 1453 278 1502; x_wconf 92' lang='lat' dir='ltr'>ut</span> <span class='ocrx_word' id='word_1_62' title='bbox 298 1452 407 1502; x_wconf 79' lang='lat' dir='ltr'>terram</span> <span class='ocrx_word' id='word_1_63' title='bbox 428 1465 517 1521; x_wconf 86' lang='lat' dir='ltr'>quam</span> <span class='ocrx_word' id='word_1_64' title='bbox 531 1445 714 1523; x_wconf 86' lang='lat' dir='ltr'>Unigenitus</span> <span class='ocrx_word' id='word_1_65' title='bbox 729 1445 824 1502; x_wconf 87' lang='lat' dir='ltr'>Filius</span> <span class='ocrx_word' id='word_1_66' title='bbox 844 1452 914 1502; x_wconf 88' lang='lat' dir='ltr'>tuus</span> <span class='ocrx_word' id='word_1_67' title='bbox 929 1447 1076 1504; x_wconf 79' lang='lat' dir='ltr'>Dominus</span> <span class='ocrx_word' id='word_1_68' title='bbox 1093 1454 1193 1505; x_wconf 85' lang='lat' dir='ltr'>noster</span> <span class='ocrx_word' id='word_1_69' title='bbox 1206 1450 1324 1524; x_wconf 89' lang='lat' dir='ltr'>proprio</span> 
     </span>
     <span class='ocr_line' id='line_1_15' title="bbox 114 1527 1323 1606; baseline 0.002 -21"><span class='ocrx_word' id='word_1_70' title='bbox 114 1528 260 1605; x_wconf 85' lang='lat' dir='ltr'>sanguine</span> <span class='ocrx_word' id='word_1_71' title='bbox 284 1528 473 1596; x_wconf 79' lang='lat' dir='ltr'>consecravit,</span> <span class='ocrx_word' id='word_1_72' title='bbox 499 1528 535 1584; x_wconf 91' lang='lat' dir='ltr'>de</span> <span class='ocrx_word' id='word_1_73' title='bbox 558 1529 695 1584; x_wconf 87' lang='lat' dir='ltr'>manibus</span> <span class='ocrx_word' id='word_1_74' title='bbox 721 1527 909 1584; x_wconf 90' lang='lat' dir='ltr'>inimicorum</span> <span class='ocrx_word' id='word_1_75' title='bbox 934 1528 1027 1588; x_wconf 77' lang='lat' dir='ltr'>crucis</span> <span class='ocrx_word' id='word_1_76' title='bbox 1052 1527 1164 1585; x_wconf 81' lang='lat' dir='ltr'>Christi</span> <span class='ocrx_word' id='word_1_77' title='bbox 1188 1530 1323 1606; x_wconf 89' lang='lat' dir='ltr'>eripiens,</span> 
     </span>
     <span class='ocr_line' id='line_1_16' title="bbox 115 1607 1324 1683; baseline 0.002 -17"><span class='ocrx_word' id='word_1_78' title='bbox 115 1610 256 1667; x_wconf 87' lang='lat' dir='ltr'>restituas</span> <span class='ocrx_word' id='word_1_79' title='bbox 270 1607 365 1664; x_wconf 89' lang='lat' dir='ltr'>cultui</span> <span class='ocrx_word' id='word_1_80' title='bbox 379 1607 555 1681; x_wconf 79' lang='lat' dir='ltr'>Christiano,</span> <span class='ocrx_word' id='word_1_81' title='bbox 568 1615 639 1664; x_wconf 85' lang='lat' dir='ltr'>vota</span> <span class='ocrx_word' id='word_1_82' title='bbox 652 1608 784 1666; x_wconf 91' lang='lat' dir='ltr'>fidelium</span> <span class='ocrx_word' id='word_1_83' title='bbox 798 1609 837 1664; x_wconf 92' lang='lat' dir='ltr'>ad</span> <span class='ocrx_word' id='word_1_84' title='bbox 850 1609 914 1683; x_wconf 88' lang='lat' dir='ltr'>ejus</span> <span class='ocrx_word' id='word_1_85' title='bbox 927 1608 1132 1666; x_wconf 77' lang='lat' dir='ltr'>liberationem</span> <span class='ocrx_word' id='word_1_86' title='bbox 1145 1610 1324 1668; x_wconf 84' lang='lat' dir='ltr'>instantium</span> 
     </span>
     <span class='ocr_line' id='line_1_17' title="bbox 105 1688 1252 1766; baseline -0.001 -18"><span class='ocrx_word' id='word_1_87' title='bbox 105 1689 346 1748; x_wconf 78' lang='lat' dir='ltr'>‘misericorditer</span> <span class='ocrx_word' id='word_1_88' title='bbox 359 1689 512 1766; x_wconf 83' lang='lat' dir='ltr'>dirigendo</span> <span class='ocrx_word' id='word_1_89' title='bbox 525 1689 558 1745; x_wconf 93' lang='lat' dir='ltr'>in</span> <span class='ocrx_word' id='word_1_90' title='bbox 573 1689 653 1746; x_wconf 89' lang='lat' dir='ltr'>viam</span> <span class='ocrx_word' id='word_1_91' title='bbox 667 1690 772 1746; x_wconf 88' lang='lat' dir='ltr'>salutis</span> <span class='ocrx_word' id='word_1_92' title='bbox 786 1695 911 1747; x_wconf 86' lang='lat' dir='ltr'>aeternae.</span> <span class='ocrx_word' id='word_1_93' title='bbox 954 1688 1013 1746; x_wconf 91' lang='lat' dir='ltr'>Per</span> <span class='ocrx_word' id='word_1_94' title='bbox 1026 1691 1160 1747; x_wconf 86' lang='lat' dir='ltr'>eundem.</span> <span class='ocrx_word' id='word_1_95' title='bbox 1249 1735 1252 1741; x_wconf 91' lang='lat'>.</span> 
     </span>
    </p>
   </div>
   <div class='ocr_carea' id='block_1_3' title="bbox 108 1778 1328 4355">
    <p class='ocr_par' dir='ltr' id='par_1_5' title="bbox 108 1778 1325 2102">
     <span class='ocr_line' id='line_1_18' title="bbox 178 1778 1324 1861; baseline 0.003 -22"><span class='ocrx_word' id='word_1_96' title='bbox 178 1781 425 1852; x_wconf 68' lang='lat' dir='ltr'>Edu-Quando</span> <span class='ocrx_word' id='word_1_97' title='bbox 445 1802 510 1840; x_wconf 81' lang='lat' dir='ltr'>vero</span> <span class='ocrx_word' id='word_1_98' title='bbox 530 1781 593 1839; x_wconf 82' lang='lat' dir='ltr'>alio</span> <span class='ocrx_word' id='word_1_99' title='bbox 607 1782 703 1839; x_wconf 80' lang='lat' dir='ltr'>Missa</span> <span class='ocrx_word' id='word_1_100' title='bbox 805 1778 882 1861; x_wconf 80' lang='lat' dir='ltr'>[MS.</span> <span class='ocrx_word' id='word_1_101' title='bbox 905 1780 1063 1839; x_wconf 78' lang='lat' dir='ltr'>D.—Alioe</span> <span class='ocrx_word' id='word_1_102' title='bbox 1084 1803 1182 1859; x_wconf 79' lang='lat' dir='ltr'>preces</span> <span class='ocrx_word' id='word_1_103' title='bbox 1205 1787 1324 1859; x_wconf 78' lang='lat' dir='ltr'>quoodo</span> 
     </span>
     <span class='ocr_line' id='line_1_19' title="bbox 108 1862 1324 1939; baseline 0.001 -17"><span class='ocrx_word' id='word_1_104' title='bbox 108 1863 260 1939; x_wconf 74' lang='lat' dir='ltr'>ferialiter</span> <span class='ocrx_word' id='word_1_105' title='bbox 273 1863 429 1920; x_wconf 67' lang='lat' dir='ltr'>eebbratur</span> <span class='ocrx_word' id='word_1_106' title='bbox 443 1865 538 1921; x_wconf 82' lang='lat' dir='ltr'>eodem</span> <span class='ocrx_word' id='word_1_107' title='bbox 551 1863 599 1921; x_wconf 83' lang='lat' dir='ltr'>die</span> <span class='ocrx_word' id='word_1_108' title='bbox 614 1863 700 1938; x_wconf 81' lang='lat' dir='ltr'>iasru</span> <span class='ocrx_word' id='word_1_109' title='bbox 741 1863 803 1919; x_wconf 82' lang='lat' dir='ltr'>aliu</span> <span class='ocrx_word' id='word_1_110' title='bbox 817 1862 1041 1937; x_wconf 79' lang='lat' dir='ltr'>Missaferiulis</span> <span class='ocrx_word' id='word_1_111' title='bbox 1059 1864 1216 1922; x_wconf 77' lang='lat' dir='ltr'>celebratur</span> <span class='ocrx_word' id='word_1_112' title='bbox 1229 1867 1324 1923; x_wconf 83' lang='lat' dir='ltr'>eodem</span> 
     </span>
     <span class='ocr_line' id='line_1_20' title="bbox 116 1942 1325 2023; baseline 0.001 -20"><span class='ocrx_word' id='word_1_113' title='bbox 116 1944 262 2003; x_wconf 73' lang='lat' dir='ltr'>eeclesiam</span> <span class='ocrx_word' id='word_1_114' title='bbox 275 1944 333 2001; x_wconf 81' lang='lat' dir='ltr'>sive</span> <span class='ocrx_word' id='word_1_115' title='bbox 346 1955 428 2001; x_wconf 70' lang='lat' dir='ltr'>extro</span> <span class='ocrx_word' id='word_1_116' title='bbox 436 1944 595 2002; x_wconf 66' lang='lat' dir='ltr'>Ecclesiam</span> <span class='ocrx_word' id='word_1_117' title='bbox 603 1965 701 2019; x_wconf 80' lang='lat' dir='ltr'>preces</span> <span class='ocrx_word' id='word_1_118' title='bbox 741 1944 788 2001; x_wconf 84' lang='lat' dir='ltr'>die</span> <span class='ocrx_word' id='word_1_119' title='bbox 802 1942 887 2018; x_wconf 82' lang='lat' dir='ltr'>infra</span> <span class='ocrx_word' id='word_1_120' title='bbox 900 1943 1059 2002; x_wconf 76' lang='lat' dir='ltr'>Ecclesium</span> <span class='ocrx_word' id='word_1_121' title='bbox 1078 1945 1136 2002; x_wconf 81' lang='lat' dir='ltr'>sive</span> <span class='ocrx_word' id='word_1_122' title='bbox 1156 1946 1191 2003; x_wconf 82' lang='lat' dir='ltr'>iii</span> <span class='ocrx_word' id='word_1_123' title='bbox 1208 1947 1325 2023; x_wconf 74' lang='lat' dir='ltr'>capellis</span> 
     </span>
     <span class='ocr_line' id='line_1_21' title="bbox 114 2025 1325 2102; baseline 0 -18"><span class='ocrx_word' id='word_1_124' title='bbox 114 2026 260 2084; x_wconf 68' lang='lat' dir='ltr'>diceremur</span> <span class='ocrx_word' id='word_1_125' title='bbox 273 2025 308 2083; x_wconf 82' lang='lat' dir='ltr'>iii</span> <span class='ocrx_word' id='word_1_126' title='bbox 321 2025 384 2083; x_wconf 82' lang='lat' dir='ltr'>alia</span> <span class='ocrx_word' id='word_1_127' title='bbox 397 2026 436 2082; x_wconf 86' lang='lat' dir='ltr'><em>M</em></span> <span class='ocrx_word' id='word_1_128' title='bbox 434 2025 493 2083; x_wconf 78' lang='lat' dir='ltr'>issu</span> <span class='ocrx_word' id='word_1_129' title='bbox 506 2025 557 2084; x_wconf 75' lang='lat' dir='ltr'>lice</span> <span class='ocrx_word' id='word_1_130' title='bbox 570 2027 662 2083; x_wconf 75' lang='lat' dir='ltr'>modo,</span> <span class='ocrx_word' id='word_1_131' title='bbox 739 2025 783 2082; x_wconf 82' lang='lat' dir='ltr'>uei</span> <span class='ocrx_word' id='word_1_132' title='bbox 795 2025 830 2082; x_wconf 81' lang='lat' dir='ltr'>iii</span> <span class='ocrx_word' id='word_1_133' title='bbox 843 2025 946 2082; x_wconf 81' lang='lat' dir='ltr'>Missis</span> <span class='ocrx_word' id='word_1_134' title='bbox 955 2026 1224 2102; x_wconf 74' lang='lat' dir='ltr'>processionalibus,</span> <span class='ocrx_word' id='word_1_135' title='bbox 1241 2029 1325 2086; x_wconf 85' lang='lat' dir='ltr'>alter-</span> 
     </span>
    </p>

    <p class='ocr_par' dir='ltr' id='par_1_6' title="bbox 740 2105 1163 2188">
     <span class='ocr_line' id='line_1_22' title="bbox 740 2105 1163 2188; baseline 0.007 -25"><span class='ocrx_word' id='word_1_136' title='bbox 740 2107 837 2164; x_wconf 74' lang='lat' dir='ltr'>natim</span> <span class='ocrx_word' id='word_1_137' title='bbox 850 2107 979 2164; x_wconf 77' lang='lat' dir='ltr'>dicenda</span> <span class='ocrx_word' id='word_1_138' title='bbox 992 2107 1044 2166; x_wconf 79' lang='lat' dir='ltr'>lioc</span> <span class='ocrx_word' id='word_1_139' title='bbox 1057 2105 1163 2188; x_wconf 84' lang='lat' dir='ltr'>modo]</span> 
     </span>
    </p>

    <p class='ocr_par' dir='ltr' id='par_1_7' title="bbox 178 2187 327 2246">
     <span class='ocr_line' id='line_1_23' title="bbox 178 2187 327 2246; baseline -0.007 -1"><span class='ocrx_word' id='word_1_140' title='bbox 178 2187 327 2246; x_wconf 79' lang='lat' dir='ltr'>Psalmuo.</span> 
     </span>
    </p>

    <p class='ocr_par' dir='ltr' id='par_1_8' title="bbox 178 2268 1068 2490">
     <span class='ocr_line' id='line_1_24' title="bbox 278 2268 779 2340; baseline 0.002 -15"><span class='ocrx_word' id='word_1_141' title='bbox 278 2270 330 2326; x_wconf 90' lang='lat' dir='ltr'>Ad</span> <span class='ocrx_word' id='word_1_142' title='bbox 344 2268 517 2340; x_wconf 90' lang='lat' dir='ltr'>Dominum,</span> <span class='ocrx_word' id='word_1_143' title='bbox 532 2289 599 2326; x_wconf 89' lang='lat' dir='ltr'>cum</span> <span class='ocrx_word' id='word_1_144' title='bbox 612 2269 779 2327; x_wconf 74' lang='lat' dir='ltr'>tribularer.</span> 
     </span>
     <span class='ocr_line' id='line_1_25' title="bbox 280 2349 706 2422; baseline -0.002 -15"><span class='ocrx_word' id='word_1_145' title='bbox 280 2350 383 2408; x_wconf 86' lang='lat' dir='ltr'>Gloria</span> <span class='ocrx_word' id='word_1_146' title='bbox 396 2349 487 2408; x_wconf 88' lang='lat' dir='ltr'>Patri.</span> <span class='ocrx_word' id='word_1_147' title='bbox 532 2351 616 2408; x_wconf 85' lang='lat' dir='ltr'>Siout</span> <span class='ocrx_word' id='word_1_148' title='bbox 630 2358 706 2422; x_wconf 67' lang='lat' dir='ltr'>erat.¹</span> 
     </span>
     <span class='ocr_line' id='line_1_26' title="bbox 178 2431 1068 2490; baseline 0.002 -2"><span class='ocrx_word' id='word_1_149' title='bbox 178 2431 325 2488; x_wconf 66' lang='lat' dir='ltr'>Psalmis.</span> <span class='ocrx_word' id='word_1_150' title='bbox 368 2431 481 2489; x_wconf 85' lang='lat' dir='ltr'>Levavi</span> <span class='ocrx_word' id='word_1_151' title='bbox 495 2431 601 2488; x_wconf 89' lang='lat' dir='ltr'>oculos.</span> <span class='ocrx_word' id='word_1_152' title='bbox 646 2431 749 2488; x_wconf 85' lang='lat' dir='ltr'>Gloria</span> <span class='ocrx_word' id='word_1_153' title='bbox 763 2431 855 2489; x_wconf 87' lang='lat' dir='ltr'>Patri.</span> <span class='ocrx_word' id='word_1_154' title='bbox 900 2431 984 2489; x_wconf 84' lang='lat' dir='ltr'>Siout</span> <span class='ocrx_word' id='word_1_155' title='bbox 997 2439 1068 2490; x_wconf 89' lang='lat' dir='ltr'>erat.</span> 
     </span>
    </p>

    <p class='ocr_par' dir='ltr' id='par_1_9' title="bbox 280 2511 1102 2907">
     <span class='ocr_line' id='line_1_27' title="bbox 281 2511 1102 2589; baseline 0.002 -20"><span class='ocrx_word' id='word_1_156' title='bbox 281 2513 377 2588; x_wconf 88' lang='lat' dir='ltr'>Kyrie</span> <span class='ocrx_word' id='word_1_157' title='bbox 391 2513 517 2588; x_wconf 84' lang='lat' dir='ltr'>eleyson.</span> <span class='ocrx_word' id='word_1_158' title='bbox 562 2512 679 2569; x_wconf 78' lang='lat' dir='ltr'>Christe</span> <span class='ocrx_word' id='word_1_159' title='bbox 693 2514 819 2587; x_wconf 80' lang='lat' dir='ltr'>eleyson.</span> <span class='ocrx_word' id='word_1_160' title='bbox 864 2511 961 2588; x_wconf 89' lang='lat' dir='ltr'>Kyrie</span> <span class='ocrx_word' id='word_1_161' title='bbox 975 2515 1102 2589; x_wconf 88' lang='lat' dir='ltr'>eleyson.</span> 
     </span>
     <span class='ocr_line' id='line_1_28' title="bbox 280 2593 702 2651; baseline -0.002 -1"><span class='ocrx_word' id='word_1_162' title='bbox 280 2593 372 2650; x_wconf 79' lang='lat' dir='ltr'>Pater</span> <span class='ocrx_word' id='word_1_163' title='bbox 384 2600 491 2651; x_wconf 89' lang='lat' dir='ltr'>noster.</span> <span class='ocrx_word' id='word_1_164' title='bbox 535 2593 577 2650; x_wconf 88' lang='lat' dir='ltr'>Et</span> <span class='ocrx_word' id='word_1_165' title='bbox 590 2614 628 2650; x_wconf 92' lang='lat' dir='ltr'>ne</span> <span class='ocrx_word' id='word_1_166' title='bbox 641 2613 702 2650; x_wconf 89' lang='lat' dir='ltr'>nos.</span> 
     </span>
     <span class='ocr_line' id='line_1_29' title="bbox 280 2673 987 2751; baseline -0.001 -20"><span class='ocrx_word' id='word_1_167' title='bbox 280 2675 432 2751; x_wconf 82' lang='lat' dir='ltr'>Exsurgat</span> <span class='ocrx_word' id='word_1_168' title='bbox 447 2675 536 2745; x_wconf 91' lang='lat' dir='ltr'>Deus,</span> <span class='ocrx_word' id='word_1_169' title='bbox 552 2681 582 2732; x_wconf 92' lang='lat' dir='ltr'>et</span> <span class='ocrx_word' id='word_1_170' title='bbox 596 2674 776 2749; x_wconf 86' lang='lat' dir='ltr'>dissipentur</span> <span class='ocrx_word' id='word_1_171' title='bbox 788 2673 902 2730; x_wconf 89' lang='lat' dir='ltr'>inimici</span> <span class='ocrx_word' id='word_1_172' title='bbox 916 2674 987 2749; x_wconf 87' lang='lat' dir='ltr'>ejus.</span> 
     </span>
     <span class='ocr_line' id='line_1_30' title="bbox 281 2754 1019 2826; baseline -0.003 -13"><span class='ocrx_word' id='word_1_173' title='bbox 281 2755 411 2813; x_wconf 88' lang='lat' dir='ltr'>Ostende</span> <span class='ocrx_word' id='word_1_174' title='bbox 424 2757 518 2826; x_wconf 88' lang='lat' dir='ltr'>nobis,</span> <span class='ocrx_word' id='word_1_175' title='bbox 533 2755 671 2824; x_wconf 87' lang='lat' dir='ltr'>Domine,</span> <span class='ocrx_word' id='word_1_176' title='bbox 686 2754 915 2811; x_wconf 86' lang='lat' dir='ltr'>misericordiam</span> <span class='ocrx_word' id='word_1_177' title='bbox 928 2761 1019 2811; x_wconf 84' lang='lat' dir='ltr'>tuam.</span> 
     </span>
     <span class='ocr_line' id='line_1_31' title="bbox 280 2835 926 2907; baseline -0.003 -14"><span class='ocrx_word' id='word_1_178' title='bbox 280 2836 353 2893; x_wconf 86' lang='lat' dir='ltr'>Esto</span> <span class='ocrx_word' id='word_1_179' title='bbox 367 2837 461 2907; x_wconf 91' lang='lat' dir='ltr'>nobis,</span> <span class='ocrx_word' id='word_1_180' title='bbox 478 2837 613 2907; x_wconf 90' lang='lat' dir='ltr'>Domine,</span> <span class='ocrx_word' id='word_1_181' title='bbox 628 2835 721 2892; x_wconf 82' lang='lat' dir='ltr'>turris</span> <span class='ocrx_word' id='word_1_182' title='bbox 734 2835 926 2892; x_wconf 83' lang='lat' dir='ltr'>fortitudinis.</span> 
     </span>
    </p>

    <p class='ocr_par' dir='ltr' id='par_1_10' title="bbox 283 2918 732 3079">
     <span class='ocr_line' id='line_1_32' title="bbox 321 2918 576 2976; baseline 0 -1"><span class='ocrx_word' id='word_1_183' title='bbox 321 2920 352 2975; x_wconf 90' lang='lat' dir='ltr'>A</span> <span class='ocrx_word' id='word_1_184' title='bbox 366 2918 440 2976; x_wconf 80' lang='lat' dir='ltr'>facie</span> <span class='ocrx_word' id='word_1_185' title='bbox 454 2918 576 2975; x_wconf 82' lang='lat' dir='ltr'>inimici.</span> 
     </span>
     <span class='ocr_line' id='line_1_33' title="bbox 283 2995 732 3079; baseline 0.004 -24"><span class='ocrx_word' id='word_1_186' title='bbox 283 2995 423 3079; x_wconf 89' lang='lat' dir='ltr'>[Domine</span> <span class='ocrx_word' id='word_1_187' title='bbox 437 3000 554 3056; x_wconf 87' lang='lat' dir='ltr'>salvum</span> <span class='ocrx_word' id='word_1_188' title='bbox 567 2999 612 3056; x_wconf 85' lang='lat' dir='ltr'>fao</span> <span class='ocrx_word' id='word_1_189' title='bbox 625 3018 732 3074; x_wconf 86' lang='lat' dir='ltr'>regem.</span> 
     </span>
    </p>

    <p class='ocr_par' dir='ltr' id='par_1_11' title="bbox 280 3076 1102 3233">
     <span class='ocr_line' id='line_1_34' title="bbox 321 3076 1102 3158; baseline -0.003 -20"><span class='ocrx_word' id='word_1_190' title='bbox 321 3080 444 3138; x_wconf 83' lang='lat' dir='ltr'>Salvum</span> <span class='ocrx_word' id='word_1_191' title='bbox 457 3080 504 3137; x_wconf 85' lang='lat' dir='ltr'>fao</span> <span class='ocrx_word' id='word_1_192' title='bbox 517 3081 659 3157; x_wconf 91' lang='lat' dir='ltr'>populum</span> <span class='ocrx_word' id='word_1_193' title='bbox 673 3086 769 3149; x_wconf 87' lang='lat' dir='ltr'>tuum,</span> <span class='ocrx_word' id='word_1_194' title='bbox 784 3077 1030 3136; x_wconf 82' lang='lat' dir='ltr'>Domine—MS.</span> <span class='ocrx_word' id='word_1_195' title='bbox 1047 3076 1102 3158; x_wconf 89' lang='lat' dir='ltr'>D.]</span> 
     </span>
     <span class='ocr_line' id='line_1_35' title="bbox 280 3161 836 3233; baseline 0 -15"><span class='ocrx_word' id='word_1_196' title='bbox 280 3161 418 3233; x_wconf 89' lang='lat' dir='ltr'>Domine,</span> <span class='ocrx_word' id='word_1_197' title='bbox 433 3163 543 3219; x_wconf 85' lang='lat' dir='ltr'>exaudi</span> <span class='ocrx_word' id='word_1_198' title='bbox 556 3162 719 3218; x_wconf 87' lang='lat' dir='ltr'>orationem</span> <span class='ocrx_word' id='word_1_199' title='bbox 733 3180 836 3218; x_wconf 85' lang='lat' dir='ltr'>meam.</span> 
     </span>
    </p>

    <p class='ocr_par' dir='ltr' id='par_1_12' title="bbox 281 3241 962 3463">
     <span class='ocr_line' id='line_1_36' title="bbox 322 3241 800 3300; baseline -0.004 -1"><span class='ocrx_word' id='word_1_200' title='bbox 322 3244 363 3299; x_wconf 86' lang='lat' dir='ltr'>Et</span> <span class='ocrx_word' id='word_1_201' title='bbox 376 3243 486 3300; x_wconf 84' lang='lat' dir='ltr'>clamor</span> <span class='ocrx_word' id='word_1_202' title='bbox 498 3263 581 3300; x_wconf 90' lang='lat' dir='ltr'>meus</span> <span class='ocrx_word' id='word_1_203' title='bbox 595 3244 633 3299; x_wconf 88' lang='lat' dir='ltr'>ad</span> <span class='ocrx_word' id='word_1_204' title='bbox 646 3251 677 3299; x_wconf 90' lang='lat' dir='ltr'>te</span> <span class='ocrx_word' id='word_1_205' title='bbox 691 3241 800 3299; x_wconf 85' lang='lat' dir='ltr'>veniat.</span> 
     </span>
     <span class='ocr_line' id='line_1_37' title="bbox 281 3323 962 3399; baseline -0.006 -19"><span class='ocrx_word' id='word_1_206' title='bbox 281 3324 429 3381; x_wconf 89' lang='lat' dir='ltr'>Dominus</span> <span class='ocrx_word' id='word_1_207' title='bbox 442 3324 601 3382; x_wconf 87' lang='lat' dir='ltr'>vobiscum.</span> <span class='ocrx_word' id='word_1_208' title='bbox 645 3324 767 3381; x_wconf 83' lang='lat' dir='ltr'>Etcum</span> <span class='ocrx_word' id='word_1_209' title='bbox 781 3323 888 3399; x_wconf 88' lang='lat' dir='ltr'>spiritu</span> <span class='ocrx_word' id='word_1_210' title='bbox 902 3328 962 3380; x_wconf 92' lang='lat' dir='ltr'>tuo.</span> 
     </span>
     <span class='ocr_line' id='line_1_38' title="bbox 282 3404 415 3463; baseline 0 -1"><span class='ocrx_word' id='word_1_211' title='bbox 282 3404 415 3463; x_wconf 89' lang='lat' dir='ltr'>Oremus.</span> 
     </span>
    </p>

    <p class='ocr_par' dir='ltr' id='par_1_13' title="bbox 182 3485 290 3543">
     <span class='ocr_line' id='line_1_39' title="bbox 182 3485 290 3543; baseline -0.009 0"><span class='ocrx_word' id='word_1_212' title='bbox 182 3485 290 3543; x_wconf 79' lang='lat' dir='ltr'>Oratio.</span> 
     </span>
    </p>

    <p class='ocr_par' dir='ltr' id='par_1_14' title="bbox 114 3566 1328 3726">
     <span class='ocr_line' id='line_1_40' title="bbox 181 3566 1328 3638; baseline -0.002 -14"><span class='ocrx_word' id='word_1_213' title='bbox 181 3568 342 3625; x_wconf 72' lang='lat' dir='ltr'>Ecclesiam</span> <span class='ocrx_word' id='word_1_214' title='bbox 361 3573 454 3637; x_wconf 88' lang='lat' dir='ltr'>tuam,</span> <span class='ocrx_word' id='word_1_215' title='bbox 470 3567 607 3638; x_wconf 92' lang='lat' dir='ltr'>Domine,</span> <span class='ocrx_word' id='word_1_216' title='bbox 622 3567 772 3624; x_wconf 82' lang='lat' dir='ltr'>miseratio</span> <span class='ocrx_word' id='word_1_217' title='bbox 790 3566 963 3624; x_wconf 85' lang='lat' dir='ltr'>continuata</span> <span class='ocrx_word' id='word_1_218' title='bbox 975 3567 1100 3623; x_wconf 87' lang='lat' dir='ltr'>mundet</span> <span class='ocrx_word' id='word_1_219' title='bbox 1113 3571 1144 3622; x_wconf 89' lang='lat' dir='ltr'>et</span> <span class='ocrx_word' id='word_1_220' title='bbox 1157 3566 1284 3637; x_wconf 87' lang='lat' dir='ltr'>muniat,</span> <span class='ocrx_word' id='word_1_221' title='bbox 1298 3574 1328 3624; x_wconf 89' lang='lat' dir='ltr'>et</span> 
     </span>
     <span class='ocr_line' id='line_1_41' title="bbox 114 3648 1303 3726; baseline -0.001 -20"><span class='ocrx_word' id='word_1_222' title='bbox 114 3649 191 3726; x_wconf 85' lang='lat' dir='ltr'>quia</span> <span class='ocrx_word' id='word_1_223' title='bbox 204 3649 311 3706; x_wconf 89' lang='lat' dir='ltr'>sinete</span> <span class='ocrx_word' id='word_1_224' title='bbox 325 3668 386 3705; x_wconf 89' lang='lat' dir='ltr'>non</span> <span class='ocrx_word' id='word_1_225' title='bbox 399 3655 497 3724; x_wconf 88' lang='lat' dir='ltr'>potest</span> <span class='ocrx_word' id='word_1_226' title='bbox 510 3648 593 3706; x_wconf 83' lang='lat' dir='ltr'>salva</span> <span class='ocrx_word' id='word_1_227' title='bbox 605 3649 771 3718; x_wconf 84' lang='lat' dir='ltr'>consistere,</span> <span class='ocrx_word' id='word_1_228' title='bbox 787 3654 839 3704; x_wconf 93' lang='lat' dir='ltr'>tuo</span> <span class='ocrx_word' id='word_1_229' title='bbox 853 3667 968 3724; x_wconf 90' lang='lat' dir='ltr'>semper</span> <span class='ocrx_word' id='word_1_230' title='bbox 980 3667 1102 3705; x_wconf 88' lang='lat' dir='ltr'>munere</span> <span class='ocrx_word' id='word_1_231' title='bbox 1114 3648 1303 3724; x_wconf 85' lang='lat' dir='ltr'>gubernetur.</span> 
     </span>
    </p>

    <p class='ocr_par' dir='ltr' id='par_1_15' title="bbox 180 3728 378 3788">
     <span class='ocr_line' id='line_1_42' title="bbox 180 3728 378 3788; baseline 0.01 -3"><span class='ocrx_word' id='word_1_232' title='bbox 180 3730 253 3787; x_wconf 76' lang='lat' dir='ltr'>Atia</span> <span class='ocrx_word' id='word_1_233' title='bbox 269 3728 378 3788; x_wconf 81' lang='lat' dir='ltr'>Oratio.</span> 
     </span>
    </p>

    <p class='ocr_par' dir='ltr' id='par_1_16' title="bbox 117 3809 1327 4113">
     <span class='ocr_line' id='line_1_43' title="bbox 182 3809 1327 3887; baseline -0.003 -18"><span class='ocrx_word' id='word_1_234' title='bbox 182 3810 378 3887; x_wconf 90' lang='lat' dir='ltr'>Omnipotens</span> <span class='ocrx_word' id='word_1_235' title='bbox 408 3811 585 3887; x_wconf 85' lang='lat' dir='ltr'>sempiterne</span> <span class='ocrx_word' id='word_1_236' title='bbox 613 3809 704 3879; x_wconf 74' lang='lat' dir='ltr'>DeuS,</span> <span class='ocrx_word' id='word_1_237' title='bbox 732 3815 902 3866; x_wconf 87' lang='lat' dir='ltr'>maestorum</span> <span class='ocrx_word' id='word_1_238' title='bbox 930 3809 1099 3879; x_wconf 85' lang='lat' dir='ltr'>consolatio,</span> <span class='ocrx_word' id='word_1_239' title='bbox 1128 3809 1327 3868; x_wconf 85' lang='lat' dir='ltr'>laborantium</span> 
     </span>
     <span class='ocr_line' id='line_1_44' title="bbox 119 3890 1325 3968; baseline -0.003 -19"><span class='ocrx_word' id='word_1_240' title='bbox 119 3892 274 3962; x_wconf 87' lang='lat' dir='ltr'>fortitudo,</span> <span class='ocrx_word' id='word_1_241' title='bbox 296 3892 471 3968; x_wconf 83' lang='lat' dir='ltr'>perveniant</span> <span class='ocrx_word' id='word_1_242' title='bbox 491 3892 529 3948; x_wconf 84' lang='lat' dir='ltr'>ad</span> <span class='ocrx_word' id='word_1_243' title='bbox 549 3897 579 3948; x_wconf 88' lang='lat' dir='ltr'>te</span> <span class='ocrx_word' id='word_1_244' title='bbox 602 3910 702 3967; x_wconf 86' lang='lat' dir='ltr'>preces</span> <span class='ocrx_word' id='word_1_245' title='bbox 726 3890 762 3946; x_wconf 88' lang='lat' dir='ltr'>de</span> <span class='ocrx_word' id='word_1_246' title='bbox 786 3910 960 3967; x_wconf 87' lang='lat' dir='ltr'>quacunque</span> <span class='ocrx_word' id='word_1_247' title='bbox 983 3891 1175 3948; x_wconf 87' lang='lat' dir='ltr'>tribulatione</span> <span class='ocrx_word' id='word_1_248' title='bbox 1199 3891 1325 3949; x_wconf 79' lang='lat' dir='ltr'>clmnan-</span> 
     </span>
     <span class='ocr_line' id='line_1_45' title="bbox 119 3971 1327 4048; baseline -0.003 -18"><span class='ocrx_word' id='word_1_249' title='bbox 119 3975 207 4044; x_wconf 89' lang='lat' dir='ltr'>tium,</span> <span class='ocrx_word' id='word_1_250' title='bbox 222 3979 258 4030; x_wconf 91' lang='lat' dir='ltr'>ut</span> <span class='ocrx_word' id='word_1_251' title='bbox 271 3992 371 4030; x_wconf 90' lang='lat' dir='ltr'>omnes</span> <span class='ocrx_word' id='word_1_252' title='bbox 385 3973 442 4029; x_wconf 90' lang='lat' dir='ltr'>sibi</span> <span class='ocrx_word' id='word_1_253' title='bbox 455 3972 489 4028; x_wconf 92' lang='lat' dir='ltr'>in</span> <span class='ocrx_word' id='word_1_254' title='bbox 501 3972 725 4030; x_wconf 81' lang='lat' dir='ltr'>necessitatibus</span> <span class='ocrx_word' id='word_1_255' title='bbox 745 3971 807 4028; x_wconf 88' lang='lat' dir='ltr'>suis</span> <span class='ocrx_word' id='word_1_256' title='bbox 827 3971 1058 4029; x_wconf 83' lang='lat' dir='ltr'>misericordiam</span> <span class='ocrx_word' id='word_1_257' title='bbox 1077 3978 1161 4029; x_wconf 89' lang='lat' dir='ltr'>tuam</span> <span class='ocrx_word' id='word_1_258' title='bbox 1179 3971 1327 4048; x_wconf 85' lang='lat' dir='ltr'>gaudeant</span> 
     </span>
     <span class='ocr_line' id='line_1_46' title="bbox 117 4053 521 4113; baseline -0.005 -1"><span class='ocrx_word' id='word_1_259' title='bbox 117 4055 246 4113; x_wconf 84' lang='lat' dir='ltr'>affuisse.</span> <span class='ocrx_word' id='word_1_260' title='bbox 290 4053 348 4111; x_wconf 89' lang='lat' dir='ltr'>Per</span> <span class='ocrx_word' id='word_1_261' title='bbox 362 4053 521 4111; x_wconf 86' lang='lat' dir='ltr'>Ohristum.</span> 
     </span>
    </p>

    <p class='ocr_par' dir='ltr' id='par_1_17' title="bbox 182 4131 944 4210">
     <span class='ocr_line' id='line_1_47' title="bbox 182 4131 944 4210; baseline -0.003 -18"><span class='ocrx_word' id='word_1_262' title='bbox 182 4134 278 4192; x_wconf 72' lang='lat' dir='ltr'>‘Aliae</span> <span class='ocrx_word' id='word_1_263' title='bbox 286 4152 383 4210; x_wconf 79' lang='lat' dir='ltr'>preces</span> <span class='ocrx_word' id='word_1_264' title='bbox 396 4133 565 4192; x_wconf 66' lang='lat' dir='ltr'>damaim</span> <span class='ocrx_word' id='word_1_265' title='bbox 578 4134 706 4192; x_wconf 63' lang='lat' dir='ltr'>dicemae</span> <span class='ocrx_word' id='word_1_266' title='bbox 720 4152 786 4191; x_wconf 80' lang='lat' dir='ltr'>cum</span> <span class='ocrx_word' id='word_1_267' title='bbox 805 4131 944 4191; x_wconf 78' lang='lat' dir='ltr'>Versibus.</span> 
     </span>
    </p>

    <p class='ocr_par' dir='ltr' id='par_1_18' title="bbox 181 4217 327 4275">
     <span class='ocr_line' id='line_1_48' title="bbox 181 4217 327 4275; baseline -0.021 0"><span class='ocrx_word' id='word_1_268' title='bbox 181 4217 327 4275; x_wconf 65' lang='lat' dir='ltr'>Psalmis.</span> 
     </span>
    </p>

    <p class='ocr_par' dir='ltr' id='par_1_19' title="bbox 243 4295 569 4355">
     <span class='ocr_line' id='line_1_49' title="bbox 243 4295 569 4355; baseline 0.003 -1"><span class='ocrx_word' id='word_1_269' title='bbox 243 4297 376 4354; x_wconf 83' lang='lat' dir='ltr'>Laetatus</span> <span class='ocrx_word' id='word_1_270' title='bbox 390 4316 456 4354; x_wconf 92' lang='lat' dir='ltr'>sum</span> <span class='ocrx_word' id='word_1_271' title='bbox 469 4295 502 4352; x_wconf 91' lang='lat' dir='ltr'>in</span> <span class='ocrx_word' id='word_1_272' title='bbox 514 4296 569 4355; x_wconf 84' lang='lat' dir='ltr'>his.</span> 
     </span>
    </p>
   </div>
   <div class='ocr_carea' id='block_1_4' title="bbox 308 4455 1145 4517">
    <p class='ocr_par' dir='ltr' id='par_1_20' title="bbox 308 4455 1145 4517">
     <span class='ocr_line' id='line_1_50' title="bbox 308 4455 1145 4517; baseline -0.001 -14"><span class='ocrx_word' id='word_1_273' title='bbox 308 4457 321 4483; x_wconf 79' lang='lat'>*¹</span> <span class='ocrx_word' id='word_1_274' title='bbox 337 4457 390 4503; x_wconf 76' lang='lat' dir='ltr'>MS.</span> <span class='ocrx_word' id='word_1_275' title='bbox 402 4457 425 4502; x_wconf 89' lang='lat' dir='ltr'>D</span> <span class='ocrx_word' id='word_1_276' title='bbox 442 4457 513 4503; x_wconf 89' lang='lat' dir='ltr'>omits</span> <span class='ocrx_word' id='word_1_277' title='bbox 528 4457 596 4503; x_wconf 83' lang='lat' dir='ltr'>those</span> <span class='ocrx_word' id='word_1_278' title='bbox 607 4457 696 4517; x_wconf 79' lang='lat' dir='ltr'>Preces,</span> <span class='ocrx_word' id='word_1_279' title='bbox 712 4455 759 4502; x_wconf 84' lang='lat' dir='ltr'>and</span> <span class='ocrx_word' id='word_1_280' title='bbox 774 4456 814 4501; x_wconf 86' lang='lat' dir='ltr'>tho</span> <span class='ocrx_word' id='word_1_281' title='bbox 829 4455 885 4503; x_wconf 82' lang='lat' dir='ltr'>four</span> <span class='ocrx_word' id='word_1_282' title='bbox 899 4455 1024 4514; x_wconf 75' lang='lat' dir='ltr'>following</span> <span class='ocrx_word' id='word_1_283' title='bbox 1038 4468 1145 4516; x_wconf 80' lang='lat' dir='ltr'>proyors</span> 
     </span>
    </p>
   </div>
   <div class='ocr_carea' id='block_1_5' title="bbox 0 0 1448 4994">
    <p class='ocr_par' dir='ltr' id='par_1_21' title="bbox 0 0 1448 4994">
     <span class='ocr_line' id='line_1_51' title="bbox 0 0 1448 4994; baseline 0 2"><span class='ocrx_word' id='word_1_284' title='bbox 0 0 1448 4994; x_wconf 95' lang='lat' dir='ltr'> </span> 
     </span>
    </p>
   </div>
  </div>
 </body>
</html>
