2918 4986
292 353 431 420 Sobboto
446 354 575 423 Soiwto.
611 354 804 422 Benedictio
819 356 990 423 Fontiunt.
1207 363 1269 426 121·

229 521 443 593 SancteSixtc,
458 541 510 580 ora

229 601 335 659 Sancte
349 602 502 676 Laurenti,
516 622 568 660 ora

229 682 339 740 Omnes
352 683 446 741 sancti
460 683 617 760 Martyres,
633 691 715 743 orate
872 690 875 694 ’

168 802 170 806 μ
228 763 335 821 Sancte
350 763 481 841 Oregori,
497 784 548 822 ora

227 843 334 902 Sancte
347 844 508 919 iohannes,
523 865 575 903 ora

117 989 119 992 Α
226 924 334 983 Sancte
347 925 496 999 Wilfride,
511 945 563 984 ora

226 1004 336 1064 Omnes
350 1007 444 1064 sancti
459 1006 653 1080 Oonfessores,
669 1012 751 1066 orate

225 1085 335 1144 Sancta
349 1086 478 1164 Agatha,
494 1107 547 1146 ora

225 1166 333 1225 Sancta
346 1169 458 1245 Agnes,
472 1187 524 1227 ora

224 1247 334 1306 Sancta
347 1248 473 1323 Caecilia,
489 1269 541 1307 ora

226 1328 336 1386 Omnes
350 1336 460 1387 sanctae
474 1330 625 1408 Virgines,
641 1336 723 1389 orate

225 1408 334 1468 Omnes
350 1410 462 1485 Sancti,
478 1417 560 1469 orate

56 1609 84 1682 s
121 1528 227 1587 Finito
253 1551 318 1589 oero
337 1531 461 1590 Litoniu
488 1541 541 1591 etet
564 1531 712 1590 Proeiotus
737 1551 835 1590 cerens
862 1531 1006 1606 orientem,
1031 1533 1104 1590 dum
1131 1531 1270 1591 benedicit

78 1619 176 1669 omem.

121 1703 286 1762 Benedictio
298 1703 404 1779 fontis.

122 1796 268 1855 Dominus
281 1797 440 1855 vobiscum.
484 1798 617 1857 Oremus.

122 1888 316 1967 Omnipotens
329 1891 507 1968 sempiterne
522 1891 613 1965 Deus,
627 1891 729 1950 adesto
750 1911 864 1968 magnae
885 1891 1006 1968 pietatis
1026 1897 1086 1951 tuae
1107 1893 1266 1969 mysteriis,

62 1969 161 2028 adesto
195 1972 392 2044 sacramentis,
427 1977 458 2031 et
491 1972 530 2030 sd
563 1973 702 2031 creandos
736 1992 828 2030 novos
861 1973 992 2049 populos
1016 1993 1089 2050 quos
1116 1974 1174 2031 tibi
1200 1974 1267 2032 fons

61 2051 246 2127 baptismatis
279 2053 418 2129 pa1turit,
455 2053 602 2130 Spiritum
634 2053 802 2130 adoptionis
836 2054 949 2128 emitte,
983 2060 1019 2112 ut
1046 2055 1125 2131 quod
1141 2055 1267 2114 'nostra

60 2130 239 2190 humilitatis
265 2135 426 2210 gerendum
453 2144 499 2191 est
525 2135 699 2207 ministerio,
725 2141 784 2193 tuae
811 2134 934 2194 virtutis
964 2135 1124 2212 impleatur
1151 2137 1265 2195 effectu.

61 2211 119 2270 Per
132 2213 303 2272 Dominum.
346 2215 387 2272 In
399 2216 516 2272 unitate
531 2215 660 2292 Spiritus
675 2216 784 2289 Sancti,
800 2216 891 2275 Deus.

121 2293 181 2352 Per
192 2295 292 2353 omnia
305 2297 410 2353 saecula
423 2296 603 2355 saeculorum.

120 2374 267 2433 Dominus
281 2377 441 2436 vobiscum.

119 2456 244 2514 Sursum
258 2457 352 2518 corda.

120 2535 239 2595 Gratias
252 2558 373 2615 agamus
386 2538 518 2596 Domino
532 2538 597 2597 Deo
610 2545 720 2597 nostre.

118 2617 199 2675 Vere
212 2619 334 2696 dignum
348 2625 379 2678 et
394 2621 512 2696 justum
528 2626 580 2693 est,
597 2639 715 2696 aequum
735 2626 766 2678 et
785 2619 922 2693 salutare,
945 2639 1000 2677 nos
1021 2620 1078 2677 tibi
1099 2640 1214 2697 semper
1234 2628 1265 2679 et

58 2697 168 2775 ubique
189 2701 299 2776 gratias
321 2720 415 2778 agere,
439 2699 578 2771 Domine,
592 2707 692 2758 sancte
717 2701 816 2773 Pater,
833 2701 1019 2777 omnipotens
1040 2707 1149 2759 aeterne
1170 2702 1262 2775 Deus,

58 2778 111 2854 qui
143 2779 288 2838 invisibili
320 2781 454 2858 potentia
487 2787 737 2839 sacramentorum
770 2787 891 2838 tuorum
925 2781 1101 2839 mirabiliter
1135 2783 1263 2859 operaris

58 2860 202 2918 effectum.
245 2862 286 2919 Et
302 2862 372 2920 licet
392 2882 445 2920 nos
469 2862 562 2920 tantis
583 2862 731 2938 mysteriis
753 2861 946 2938 exsequendis
967 2862 1059 2919 simus
1080 2862 1205 2938 indigni,
1228 2869 1264 2920 tu

57 2948 159 3006 tamen
171 2942 275 3020 gratiae
288 2949 349 3001 tuae
363 2944 439 3002 dona
452 2963 514 3000 non
528 2943 671 3015 deserens,
687 2941 778 3000 etiam
791 2943 829 3000 ad
848 2950 965 3000 nostras
985 2961 1084 3019 preces
1105 2962 1190 3000 aures
1202 2950 1263 3001 tuae

57 3021 177 3097 pietatis
196 3023 329 3082 inclinas.

117 3103 209 3177 Deus,
234 3105 319 3181 cujus
347 3105 476 3182 Spiritus
507 3123 595 3180 super
628 3123 719 3180 aquas
753 3103 832 3161 inter
865 3102 930 3180 ipsa
963 3103 1068 3161 mundi
1100 3103 1263 3181 primordia

56 3183 214 3258 ferebatur,
248 3192 284 3244 ut
313 3187 378 3264 jam
411 3193 483 3244 tunc
516 3185 660 3243 virtutem
694 3184 934 3243 sanctificationis
972 3204 1116 3261 aquarum
1154 3190 1262 3246 natura

58 3264 241 3342 conciperet:
588 3277 589 3280 ’
785 3289 791 3299 ’

64 3398 67 3404 ,
116 3346 208 3420 Deus,
224 3347 276 3424 qui
290 3347 423 3407 nocentis
436 3347 541 3404 mundi
562 3346 687 3404 crimina
708 3367 761 3423 per
781 3366 872 3424 aquas
888 3347 1010 3404 abluens
1032 3347 1262 3424 regenerationis
1352 3379 1355 3384 ·

57 3427 181 3502 speciem
195 3428 228 3485 in
240 3428 305 3505 ipsa
318 3429 425 3487 diluvii
446 3428 587 3486 effusione
608 3428 740 3504 signasti,
755 3433 791 3485 ut
803 3428 893 3486 unius
913 3428 1102 3504 ejsudemque
1123 3428 1263 3488 elementi

56 3508 206 3584 mysterio,
221 3515 251 3567 et
265 3509 333 3567 finis
347 3516 423 3568 esset
437 3509 529 3583 vitiis,
545 3515 576 3567 et
589 3509 672 3587 origo
684 3509 868 3568 virtutibus:
1255 3558 1256 3561 ,

115 3589 249 3667 Respice,
264 3589 401 3663 Domine,
417 3591 567 3648 infaciem
588 3590 724 3648 Ecclesiae
743 3596 810 3664 tuae,
827 3596 857 3648 et
871 3589 1037 3666 multiplica
1050 3590 1083 3648 in
1097 3609 1132 3648 ea
1144 3610 1262 3669 regene-

56 3669 185 3728 rationes
209 3676 283 3728 tuas.
341 3672 400 3741 Qui
423 3672 526 3748 gratiae
548 3677 607 3728 tuae
634 3672 782 3729 affluentis
809 3671 924 3747 impetu
951 3671 1081 3728 laetificas
1108 3670 1261 3730 civitatem

56 3755 146 3821 tuam,
160 3751 331 3828 fontemque
349 3753 535 3829 baptismatis
556 3752 652 3828 aperis
673 3759 738 3810 toto
760 3753 830 3810 orbe
851 3759 997 3810 terrarum
1018 3753 1155 3830 gentibus
1176 3752 1261 3811 inno·

56 3831 168 3905 randis,
192 3838 228 3890 ut
249 3839 309 3890 tuae
330 3833 493 3910 majestatis
514 3832 639 3909 imperio
666 3838 764 3891 sumat
794 3833 954 3911 Unigeniti
983 3834 1031 3890 tui
1063 3834 1190 3910 gratiam
1224 3834 1261 3892 de

56 3910 171 3988 Spiritu
199 3913 313 3972 Sancte.
356 3915 416 3973 Hic
443 3915 596 3972 dividatur
622 3934 703 3988 aquo
728 3934 822 3971 monn
848 3915 883 3971 in
909 3916 1029 3972 modurn
1057 3915 1156 3973 concis
1201 3914 1261 3984 Oui

55 3990 130 4050 hanc
154 4013 262 4070 aquam
288 3995 494 4074 regenerandis
519 3994 689 4052 hominibus
715 4001 911 4071 praeparatam
938 4015 1045 4052 arcana
1072 3996 1119 4052 sui
1138 3994 1260 4052 luminis

55 4073 239 4133 admixtione
260 4076 409 4150 fecundet,
428 4083 463 4134 ut
484 4075 714 4134 sanctificatione
736 4082 877 4152 concepta
897 4077 935 4133 ab
955 4076 1144 4134 immaculato
1164 4075 1260 4132 divini

55 4153 145 4213 fontis
172 4163 259 4214 utero
286 4157 319 4214 in
339 4177 450 4215 novam
477 4163 580 4215 renata
607 4163 772 4214 creaturam
798 4156 951 4234 progenies
975 4156 1097 4215 caelestis
1121 4161 1257 4232 emergat.

55 4232 95 4292 Et
109 4255 192 4313 quos,
206 4244 260 4295 aut
274 4257 362 4296 sexus
375 4239 406 4296 in
429 4258 559 4315 corpore,
573 4243 626 4295 aut
642 4242 713 4294 aetas
731 4237 873 4295 discernit
894 4238 927 4295 in
948 4243 1089 4314 tempore,
1105 4255 1206 4293 omnes
1226 4236 1259 4293 in

54 4335 144 4375 unam
167 4319 266 4395 pariat
289 4319 387 4395 gratia
409 4325 505 4377 mater
527 4318 693 4376 infantiam.
725 4356 726 4359 =
749 4318 858 4376 Procul
881 4338 949 4396 ergo
972 4319 1042 4375 hinc
1069 4319 1194 4393 jubente
1218 4322 1257 4390 te,

54 4395 190 4472 Domine,
223 4399 319 4458 omnis
353 4400 483 4480 spiritus·
507 4399 693 4458 immundus·
711 4399 856 4472 abscedat,
892 4398 993 4476 procul
1026 4404 1091 4455 tota
1123 4396 1259 4473 nequitia
1341 4418 1342 4421 ¹

54 4478 203 4539 diabolicae
230 4480 343 4539 fraudis
369 4481 501 4539 absistat.
554 4481 650 4551 Nihil,
668 4480 717 4539 hic
743 4480 802 4539 loci
824 4480 932 4539 habeat
955 4478 1109 4537 contraria
1136 4477 1259 4536 virtutis
