2886 4994
114 313 178 375 232
391 311 485 376 Dent.
507 309 553 375 ei.
573 316 649 395 post
672 307 809 374 Oetaeos
829 305 1040 373 Pentecostea.

175 476 343 536 Secundum
355 476 469 536 Lucam
482 476 558 554 (mi
574 475 694 552 20-26).

176 557 216 615 In
245 559 298 617 illo
330 565 470 635 tempore,
499 556 692 634 Respondens
718 555 807 613 Jesus
834 554 913 612 dixit
940 554 1097 631 discipulis
1126 559 1215 615 suis:
1251 558 1322 617 Cum

115 637 257 778 ddireiffb
263 638 438 778 cffimdm
451 638 489 696 ab
502 638 635 696 exercitu
649 635 838 694 Hierusalem
851 655 942 710 usque
960 638 1002 694 ad
1022 657 1091 714 quae
1112 641 1323 716 supervenient

600 840 702 898 Fama
724 838 833 896 Sarra

182 971 233 1030 Ad
246 973 393 1031 Romorws
405 972 484 1050 (eiii.
501 971 615 1049 2427).

184 1052 322 1146 Fratres:
356 1053 413 1129 Spe
434 1053 509 1110 salvi
532 1073 621 1128 rcsqw
644 1052 685 1110 ad
706 1051 778 1128 quia
799 1050 961 1108 secundm
985 1050 1089 1109 Deum
1113 1053 1251 1130 postulat
1276 1073 1321 1131 pro

124 1140 352 1274 mogo-mum
365 1215 477 1272 Iatcem
490 1214 566 1290 (xxi.
583 1213 698 1291 34-38).

186 1295 227 1353 In
248 1295 300 1354 illo
324 1302 464 1373 tempore,
487 1295 576 1353 Dixit
595 1294 685 1352 Jesus
708 1292 860 1369 discipulis
883 1293 964 1350 suis:
987 1294 1156 1354 Attendite
1179 1296 1271 1368 vobis,
1291 1315 1320 1354 ne

126 1377 202 1436 forte
214 1383 376 1456 graventur
387 1396 478 1452 usque
490 1377 532 1434 od
545 1375 711 1433 manicabat
723 1374 762 1432 ad
774 1393 844 1432 eum
856 1373 890 1431 in
903 1375 1015 1450 templo
1029 1375 1135 1434 audire
1150 1396 1228 1437 enm.

301 1582 461 1641 Dounucs
480 1580 653 1640 Uruncma
672 1595 745 1638 rosr
765 1579 906 1638 Ocravas
927 1578 1153 1639 Pmmrcosrns.

192 1704 333 1780 Officium.

190 1785 272 1844 Deus
295 1787 328 1842 in
351 1785 539 1841 locosancto
562 1803 624 1855 suo,
649 1782 732 1840 Deus
755 1782 808 1858 qni
834 1781 1003 1840 inhabitare
1024 1783 1100 1842 facit
1122 1785 1275 1844 unanimes
1293 1785 1317 1841 in

130 1867 217 1926 domo
230 1889 236 1924 :
256 1867 319 1942 ipse
332 1864 417 1923 dabit
428 1865 573 1924 virtutem
585 1870 616 1922 et
630 1863 837 1921 fortitudinem
850 1862 931 1940 plebi
943 1883 1012 1922 suae.

193 1947 337 2005 Psalmus.

192 2029 343 2104 Exsurgat
355 2026 446 2098 Deus,
461 2031 493 2083 et
505 2025 687 2103 dissipentur
706 2024 822 2082 inimici
839 2025 922 2101 ejus:
943 2030 974 2083 et
995 2025 1116 2104 fugient
1137 2028 1192 2105 qui
1209 2027 1316 2086 oderunt

134 2129 202 2168 eum
215 2128 233 2166 a
246 2109 319 2166 facie
335 2107 406 2184 ejus.

196 2188 305 2247 Oratira
360 2246 364 2254 ,

196 2269 287 2339 Deus,
311 2267 363 2343 qui
386 2265 633 2342 omnipotentiam
659 2271 742 2323 tumn
768 2267 915 2343 parcendo
941 2269 1072 2326 maxime
1107 2276 1140 2328 et
1173 2265 1316 2328 miserando

136 2349 327 2408 manifestas:
357 2346 522 2422 multiplica
544 2366 633 2424 snper
655 2366 709 2405 nos
731 2349 857 2426 gratiam
880 2353 974 2420 tuam,
998 2356 1035 2407 ut
1059 2351 1099 2408 ad
1120 2357 1176 2409 tua
1197 2349 1317 2428 promissi

136 2435 295 2499 currentes,
310 2428 470 2486 caelestium
482 2429 627 2486 bonorum
640 2427 730 2486 facias
743 2448 805 2487 esse
818 2435 974 2488 consortes
1017 2430 1079 2488 Per
1092 2431 1261 2491 Dominum.

198 2509 249 2568 Ad
267 2509 432 2568 Corinthios
445 2509 479 2586 (l
495 2530 539 2567 xv.
557 2508 652 2587 1-10).

199 2592 336 2650 Fratres:
358 2590 474 2648 Notum
487 2590 571 2648 vobis
584 2590 658 2648 facio
672 2590 858 2667 evangelium
872 2591 952 2667 qnod
971 2592 1132 2667 praedicavi
1148 2594 1233 2652 vobis
1248 2605 1317 2666 eeqtt

139 2673 181 2733 od
194 2673 299 2732 Gratia
312 2678 412 2731 autem
425 2671 485 2731 Dei
496 2692 563 2731 sum
575 2671 608 2728 id
621 2671 700 2748 quod
713 2688 788 2744 sum,
803 2677 834 2729 et
853 2672 950 2749 gratia
968 2673 1032 2749 ejus
1045 2673 1079 2731 in
1100 2694 1149 2732 me
1170 2695 1258 2734 vacua
1274 2689 1318 2729 non

140 2755 207 2815 fuit.

201 2835 334 2896 Grodole.

201 2917 241 2976 In
254 2917 319 2975 Deo
333 2916 463 2994 speravit
476 2933 647 2984 cormeum,
661 2921 692 2972 et
706 2914 825 2991 adjutus
839 2933 914 2987 sum,
929 2920 960 2973 et
973 2915 1111 2975 refloruit
1124 2937 1193 2976 caro
1206 2935 1281 2975 mea:
1298 2915 1321 2969 et

142 3019 180 3058 ex
193 2999 348 3057 voluntate
361 3017 427 3057 mes
439 2997 601 3056 confitebor
613 2995 666 3053 illi

148 3081 177 3140 V.
192 3080 244 3139 Ad
257 3086 297 3152 te,
312 3079 448 3153 Domine,
463 3078 615 3137 clamabo:
636 3077 719 3135 Deus
732 3095 822 3149 meus,
838 3097 877 3134 ne
891 3077 985 3148 sileas,
999 3097 1039 3135 ne
1053 3079 1187 3138 discedam
1200 3099 1218 3138 a
1229 3097 1278 3137 me

201 3160 349 3237 Alleluya.
398 3160 427 3219 V.
450 3158 618 3229 Attendite,
632 3157 759 3235 populus
772 3177 855 3215 meus
868 3158 900 3215 in
914 3159 1008 3234 legem
1021 3179 1126 3218 meam.

203 3253 366 3330 Sequentia.

264 3335 353 3392 Stans
366 3355 384 3392 a
397 3335 483 3412 longe
497 3334 549 3411 qui
562 3331 691 3410 plurima
704 3336 887 3408 perpetrarat
899 3332 1041 3404 facinora,

263 3418 367 3491 Atque
380 3436 434 3473 sua
447 3417 602 3474 revolvens
615 3432 714 3471 secum
727 3412 860 3485 crimina,

264 3496 395 3554 Nolebet
407 3497 470 3555 alta
482 3494 675 3571 contemplari
688 3493 752 3551 creli
765 3493 869 3552 sidera

267 3577 325 3635 Sed
338 3585 440 3654 pectus
452 3579 581 3636 tundens
594 3575 656 3632 haec
671 3575 823 3651 promebat
835 3594 886 3632 ore
899 3574 1057 3632 lacrimans
1072 3596 1078 3632 :

267 3659 358 3730 Deus,
373 3661 519 3736 propitius
532 3664 595 3715 esto
609 3656 684 3713 mihi
696 3655 850 3733 peccatori,

268 3741 310 3796 Et
322 3759 388 3796 mea
400 3741 500 3798 omnia
512 3739 578 3797 dele
591 3737 658 3814 pius
671 3736 810 3795 facinora

269 3820 337 3877 Hac
350 3840 421 3878 voce
433 3822 567 3878 divinam
580 3819 744 3896 promeruit
757 3817 963 3890 clementism3

269 3900 395 3959 Necnon
407 3909 439 3959 et
448 3903 628 3978 justificatus
642 3900 726 3957 venit
739 3899 772 3956 in
785 3899 906 3957 domum
919 3918 1003 3956 suam
1017 3920 1023 3955 :

271 3981 364 4058 Cujus
376 4002 430 4040 nos
442 3990 527 4059 grata
541 3987 696 4059 sequentes
709 3980 843 4057 exempla
856 3980 989 4037 dieamus
1003 3980 1086 4037 Deo:

271 4064 363 4136 Dens,
377 4065 502 4141 benigne
515 4063 610 4122 nostri
624 4062 761 4120 miserere
774 4062 878 4119 laxans
890 4061 991 4119 debita
1004 4061 1095 4134 mitia,
1107 4069 1138 4118 et
1148 4081 1202 4120 nos
1211 4059 1336 4138 justifica

211 4196 380 4257 seutdom
393 4196 508 4254 decom
521 4195 620 4272 (xciii.
638 4194 734 4272 9-14).

212 4279 252 4336 In
271 4280 324 4336 illo
343 4285 483 4355 tempore,
498 4277 589 4334 Dixit
601 4276 622 4333 J
625 4295 691 4332 esus
711 4274 748 4331 ad
765 4272 917 4350 quosdam,
932 4273 985 4348 qui
997 4273 1030 4329 in
1044 4292 1075 4330 se
1088 4273 1276 4330 confidebant
1286 4277 1341 4329 tan·

152 4379 241 4436 qnam
256 4361 334 4437 justi
346 4380 436 4436 osque
449 4359 491 4416 od
504 4358 575 4435 quia
591 4356 686 4414 omnis
706 4356 759 4432 qui
779 4375 810 4412 se
830 4353 952 4426 exaltat,
966 4353 1193 4413 humiliabitur:
1214 4360 1245 4413 et
1258 4353 1306 4431 qui
1317 4367 1343 4408 se

152 4441 301 4525 humiliat,
316 4441 505 4501 exaltabitur.
