2886 4994
598 370 701 438 Faria
715 370 757 437 ii.
769 377 845 458 poet
858 370 997 437 Pascha.

276 540 399 599 Famem
411 539 534 619 patitur,
549 538 668 612 dormit,
683 544 714 597 et
729 539 875 612 tristatur,
891 558 925 597 ae
945 537 1020 596 lavit
1040 537 1195 615 discipulis
1207 539 1297 616 pedes
1309 539 1385 612 Deus,

356 622 453 694 homo,
469 641 609 693 summus,
624 620 764 678 humilis:

276 702 334 761 Sed
348 709 447 760 tamen
461 703 540 759 inter
554 702 615 759 haeo
628 702 742 777 abjecta
756 701 892 778 corporis,
905 701 969 777 ejus
982 700 1087 759 Deitas
1100 719 1292 779 nequaquam
1304 701 1386 780 quivit

356 783 457 854 latere,
472 783 563 860 signis
577 783 668 840 variis
682 788 713 840 et
726 783 869 840 doctrinis
882 781 1008 860 prodita

275 865 397 941 Aquam
424 863 538 941 nuptiis
565 863 617 922 dat
644 864 755 940 saporis
782 863 862 921 vinei
877 883 886 935 3
926 882 1016 920 caecos
1046 862 1145 922 oculos
1172 863 1253 922 claro
1279 865 1388 923 vestivit

357 944 489 1018 lumine,
510 945 622 1022 lepram
636 944 763 1002 luridam
777 951 860 1002 tactu
873 944 958 1020 fugat
971 943 1094 1020 placido.

276 1026 384 1084 Putres
394 1026 517 1084 suscitat
528 1032 668 1097 mortuos,
679 1027 867 1101 membraque
881 1031 965 1082 curat
979 1024 1105 1097 debilia3
1121 1025 1240 1084 fluxum
1250 1025 1388 1104 sanguinis

357 1107 544 1181 constrinxit,
560 1114 590 1164 et
604 1107 749 1163 saturavit
763 1107 894 1182 quinque
908 1105 944 1163 de
957 1105 1083 1182 panibus
1097 1106 1189 1181 quina
1202 1107 1306 1166 millia.

276 1187 421 1266 Stagnum
434 1193 571 1265 peragrat
583 1187 739 1258 fluctuans,
750 1206 800 1244 seu
814 1188 924 1244 siccum
938 1186 1031 1258 littus,
1042 1193 1147 1244 ventos
1161 1187 1255 1260 sedat,
1269 1187 1389 1265 linguam

355 1276 466 1327 reserat
494 1268 692 1341 constrictam,
722 1267 847 1326 recludit
874 1286 959 1324 aures
989 1268 1121 1344 privatas
1147 1268 1280 1342 vocibus,
1308 1270 1390 1328 febres

355 1350 477 1426 depulit

276 1431 423 1489 Posthac
437 1431 512 1488 mira
526 1430 668 1488 miracula
681 1429 819 1506 taliaque,

275 1512 387 1589 Sponte
401 1532 454 1570 sua
468 1510 727 1589 comprehenditur
741 1518 771 1568 et
785 1510 952 1582 damnatur,

275 1594 316 1651 Et
329 1613 359 1652 se
373 1593 505 1670 oruoifigi
517 1612 579 1651 non
593 1590 727 1668 despexit
742 1613 748 1650 :

274 1674 331 1733 Sed
346 1673 389 1731 sol
404 1675 467 1750 ejus
480 1680 604 1732 mortem
619 1692 680 1730 non
693 1667 824 1748 aspexit‘

275 1755 385 1813 Illuxit
399 1755 469 1826 dies,
484 1774 573 1831 quam
593 1753 663 1810 fecit
683 1753 840 1824 Dominus,
856 1757 982 1810 mortem
997 1751 1152 1809 devastans
1170 1757 1202 1810 et
1223 1752 1322 1812 victor
1341 1753 1395 1812 suis

354 1855 497 1913 apparens
511 1834 702 1893 dilectoribus
715 1834 810 1890 vivus.

276 1917 377 1975 Primo
400 1917 514 1987 Mariae,
529 1915 634 1974 dehinc
656 1915 816 1991 apostolis,
838 1914 944 1972 docens
965 1913 1134 1990 scripturas,
1153 1933 1204 1972 cor
1219 1915 1354 1992 aperiens
1365 1921 1395 1972 ut

355 1997 453 2055 clausa
466 1997 502 2054 de
516 1997 580 2072 ipso
593 2001 765 2054 reserarent.

274 2078 390 2136 Faverit
403 2078 496 2155 igitur
509 2076 675 2153 resurgenti
690 2076 808 2133 Christo
823 2081 930 2134 cuncta
943 2074 1066 2152 gaudiis.

252 2187 255 2191 v
274 2159 384 2232 Floras,
410 2164 530 2235 segetes,
556 2158 688 2215 redivivo
715 2156 815 2214 fructu
843 2162 980 2230 vernant,
1004 2162 1035 2214 et
1059 2155 1200 2230 volucres,
1224 2157 1294 2234 gelu
1322 2157 1397 2217 tristi

355 2246 443 2312 terso,
459 2238 544 2297 dulce
560 2237 700 2314 jubilant.

273 2320 390 2378 Lucent
403 2320 509 2378 clarius
523 2318 566 2376 sol
580 2325 611 2376 et
624 2318 703 2391 luna,
720 2323 815 2376 morte
830 2318 942 2376 Christi
956 2318 1083 2376 turbida

273 2401 373 2460 Tellus
386 2401 508 2460 herbida
521 2401 687 2476 resurgenti
702 2399 821 2457 Christo
840 2399 969 2476 plaudat,
985 2419 1051 2476 quae
1070 2398 1199 2457 tremula
1220 2400 1285 2476 ejus
1306 2406 1397 2459 morte

354 2503 384 2541 se
399 2502 531 2540 casuram
544 2481 672 2539 minitat.

274 2564 353 2642 Ergo
375 2564 423 2622 die
445 2564 504 2622 ista
519 2561 695 2634 exultemus,
712 2581 771 2638 qua
789 2561 873 2619 nobis
890 2561 970 2619 viam
990 2561 1062 2618 vites
1083 2580 1240 2637 resurgens
1261 2562 1396 2639 patefecit

354 2646 375 2704 J
377 2665 449 2703 esus.

272 2727 374 2799 Astra,
398 2727 503 2798 solum,
526 2744 608 2782 mare
632 2723 842 2800 jocundentur,
866 2729 897 2780 et
917 2722 1017 2781 cuncti
1044 2722 1241 2800 gratulentur,
1267 2724 1301 2781 in
1323 2725 1396 2783 calis

353 2807 500 2886 spiritales
513 2806 596 2865 chori
609 2805 760 2863 Trinitati.

251 2962 445 3039 Evangelium
455 2984 465 3020 .·
484 2958 652 3018 Secundam
666 2957 779 3014 Decem
792 2953 884 3032 (ario.
904 2951 1018 3032 13-35)

252 3058 290 3115 In
313 3056 365 3113 illo
387 3062 528 3130 tempore,
552 3052 706 3109 Exeuntes
727 3048 786 3105 duo
810 3067 848 3105 ex
865 3045 1017 3123 discipulis
1033 3045 1056 3102 J
1057 3063 1109 3102 esu
1126 3043 1213 3102 ibant
1225 3043 1291 3120 ipsa
1304 3044 1352 3102 die
1365 3044 1395 3101 in

190 3139 344 3196 castellum
358 3157 449 3211 osque
463 3136 587 3210 od‘quae
609 3139 692 3209 gesta
713 3134 799 3188 erant
820 3128 854 3185 in
874 3126 948 3185 via:
978 3132 1009 3184 et
1029 3125 1175 3202 quomodo
1196 3132 1395 3202 cognoverunt

190 3239 257 3280 eum
272 3221 305 3277 in
318 3219 462 3276 fractione
475 3215 568 3293 panis.

252 3326 445 3402 offertorium.

249 3419 385 3496 Angelus
416 3415 538 3473 Domini
566 3410 716 3470 descendit
743 3409 779 3471 de
807 3408 886 3480 caelo,
914 3413 944 3466 et
971 3407 1050 3465 dixit
1077 3404 1275 3464 mulieribus:
1309 3424 1394 3482 quem

189 3502 342 3585 ‹lunritisl
366 3498 504 3570 surrexit,
520 3495 597 3553 siout
611 3491 697 3562 dixit,
713 3489 848 3565 alleluya

249 3609 370 3669 ri'aereto.

250 3701 404 3765 l'uschalcs
419 3697 528 3757 hostias
542 3695 735 3762 recensentes
751 3707 927 3765 quaesumus‚
942 3685 1081 3759 Domine,
1096 3690 1132 3742 ut
1149 3684 1229 3761 quod
1248 3684 1395 3761 frequent·

187 3810 271 3853 atrius
286 3792 363 3856 aetii,
380 3777 660 3858 comprehendamus
673 3772 786 3829 effectu.
829 3770 889 3827 Per
902 3769 1066 3826 Dominum
1081 3772 1223 3824 nostrum.

252 3890 400 3971 l'rttjitllo.

252 3992 288 4053 llt
304 3995 332 4045 to
348 3983 474 4063 qoidorn.
518 3976 610 4055 Infra
630 3974 778 4033 actionem.
823 3967 1082 4027 communicantes
1096 3973 1122 4023 et
1136 3963 1226 4022 Hanc
1239 3963 1339 4041 igitur.

264 4091 273 4139 ι’
341 4083 430 4143 sicario.

246 4096 384 4250 tliiililixit
404 4173 556 4244 ltoruinus,
572 4175 603 4228 et
616 4164 755 4245 apparuit
770 4162 869 4234 Petro,
884 4158 1018 4235 alleluya.

250 4288 489 4349 Potamonem»

251 4377 411 4459 implestis·
428 4370 456 4427 in
473 4363 565 4435 nobis,
581 4375 757 4438 quaesumus,
772 4351 908 4419 Domine,
923 4344 1099 4407 sacramenti
1120 4343 1272 4402 Paschalis
1292 4347 1390 4400 sancta

188 4466 297 4535 illudio.
321 4475 429 4535 irrisorio
454 4451 490 4511 do
512 4443 637 4507 terrenis
660 4436 813 4496 affectibus
836 4432 874 4490 ad
896 4431 1008 4488 oaeleste
1031 4425 1191 4485 transferat
1211 4424 1387 4482 institutum,

192 4552 245 4619 tic
264 4541 421 4611 ltoorlouro
440 4536 582 4593 uoetrurn.
