2918 4986
126 380 189 445 152
487 384 536 449 In
557 384 612 450 dic
632 392 746 451 sancto
768 386 975 451 Pentecosten

185 545 333 623 Alleluya.
379 549 407 607 V.
444 550 635 610 Oonfitemini
662 553 792 610 Domino
819 552 958 628 quoniam
984 551 1099 609 bonus:
1129 549 1274 627 quoniam
1300 551 1330 609 in

127 627 267 686 saeculum
281 630 482 689 misericordia
495 634 566 709 ejus.

188 720 347 796 Repetotur
359 723 497 798 Allelnya
512 735 579 801 post
599 727 717 784 Versum
731 724 769 807 [et
782 747 802 783 a
816 725 910 784 Cboro
923 725 1063 800 ⁴ticiano.
1106 725 1224 783 Deinde
1238 746 1331 802 sequa·

127 807 178 859 tur
193 801 323 874 Proetus,
339 813 365 862 et
378 813 510 862 cantetur
522 808 618 864 eodem
631 810 715 866 inodo
729 817 763 864 nt
776 808 811 864 in
831 806 938 882 Viqilta
951 805 1180 864 Porclaca-MS.
1197 803 1249 887 D].

189 895 322 1034 {liiidie
336 978 508 1051 Dominum,
523 999 623 1038 omnes
636 987 759 1057 gentes:
780 987 811 1039 et
829 980 993 1038 collaudate
1005 1000 1082 1050 eum,
1098 999 1201 1037 omnes
1222 981 1330 1058 populi

134 1053 165 1114 V.
189 1055 336 1126 Quoniam
363 1061 536 1117 confirmata
562 1067 607 1118 est
633 1081 721 1137 super
747 1082 802 1118 nos
828 1061 1027 1118 misericordia
1054 1061 1135 1136 ejus:
1168 1068 1200 1118 et
1224 1062 1334 1121 veritas

128 1134 252 1195 Domini
265 1146 365 1197 manet
377 1141 409 1196 in
424 1146 575 1198 aeternum.

186 1235 353 1295 Seoueriane
365 1237 531 1297 «Iohannem
547 1240 619 1316 (cin
638 1240 751 1314 15-21).

187 1317 227 1374 In
241 1318 292 1374 illo
305 1326 444 1396 tempore,
460 1320 550 1377 Dixit
563 1322 585 1378 J
586 1341 652 1378 esus
665 1321 817 1396 discipulis
831 1321 911 1376 suis:
933 1320 966 1377 Si
979 1319 1103 1395 diligitis
1118 1339 1175 1390 me,
1191 1319 1333 1378 mandata

126 1414 191 1456 mea
204 1406 319 1456 servate
332 1421 421 1475 resque
434 1403 475 1458 cd
488 1409 519 1458 et
532 1421 585 1478 ego
599 1402 718 1478 diligam
733 1421 809 1472 eum,
825 1410 856 1458 et
869 1400 1062 1457 manifestabo
1074 1401 1102 1456 ei
1116 1401 1271 1476 meipsum.

189 1491 380 1566 Offcrtoriutn.
626 1554 629 1559 ,

187 1573 301 1631 Emitte
326 1575 470 1650 Spiritum
490 1581 586 1646 tuum,
607 1582 638 1632 et
659 1576 844 1648 creabuntur,
870 1580 901 1632 et
920 1573 1076 1632 renovabis
1097 1574 1204 1631 faeiem
1224 1580 1332 1632 terrae:

126 1652 166 1711 ait
179 1655 273 1731 gloria
286 1656 409 1713 Domini
422 1657 454 1712 in
468 1656 582 1728 saecula,
598 1656 732 1733 alleluya

187 1734 307 1794 Secreto.

187 1816 322 1887 Munera,
337 1837 512 1892 quaesumus
529 1817 666 1889 Domine,
681 1817 779 1874 oblata
793 1817 950 1888 sanctifica,
965 1822 996 1873 et
1009 1816 1097 1873 corda
1110 1823 1215 1874 nostra
1230 1817 1332 1875 Sancti

127 1894 256 1972 Spiritus
284 1898 481 1955 illustratione
505 1899 639 1956 emunda.
683 1899 741 1955 Per
762 1899 926 1956 Dominum
952 1904 1096 1956 nostrum.
1150 1898 1192 1954 In
1214 1899 1332 1956 unitate

127 1977 265 2051 ejusdem.

186 2059 257 2114 Non
270 2059 387 2114 dicutur
400 2058 542 2133 Prcefatio
562 2060 623 2116 nisi
643 2061 809 2117 corrutionis.
855 2058 947 2133 Infra
967 2058 1114 2116 actionem.
1159 2059 1331 2117 Communi-

125 2145 225 2195 cantes
245 2147 275 2194 et
295 2139 373 2194 diem
393 2139 620 2195 sacratissimum
637 2139 824 2200 Pentecostes
843 2140 1063 2216 praevenientes,
1080 2139 1171 2197 Hanc
1191 2141 1288 2217 igitur
1306 2149 1331 2198 ct

125 2216 232 2294 Agnus
246 2218 304 2275 Dei
318 2228 343 2275 et
357 2219 423 2275 Pax
436 2218 559 2276 Domini
572 2221 712 2279 dicentur.

187 2297 365 2358 Communia.

184 2378 304 2437 Ultimo
324 2380 496 2437 festivitatis
520 2381 567 2437 die
585 2381 701 2439 dicebat
721 2383 743 2440 J
744 2402 817 2454 esus,
834 2383 894 2451 Qui
914 2382 945 2438 in
962 2401 1010 2438 me
1028 2381 1133 2453 credit,
1154 2382 1283 2440 flumina
1296 2383 1331 2440 de

124 2465 228 2516 ventre
242 2461 304 2535 ejus
325 2461 419 2518 fluent
438 2481 521 2537 aquae
535 2463 631 2533 vivae;
651 2463 705 2521 hoo
723 2471 822 2520 autem
837 2464 916 2520 dixit
935 2463 972 2519 de
993 2462 1108 2538 Spiritu
1123 2482 1213 2539 quem
1234 2483 1331 2540 accep-

124 2541 187 2597 turi
200 2547 284 2597 erant
298 2543 448 2599 credentes
462 2544 493 2598 in
508 2562 584 2615 eum,
599 2543 735 2619 alleluya,
751 2543 884 2620 alleluya.

183 2634 424 2694 Postcommrnn'o.
478 2635 579 2693 Sancti
614 2636 752 2712 Spiritus,
789 2637 926 2707 Domine,
960 2635 1048 2692 eorda
1074 2641 1179 2693 nostra
1206 2638 1330 2696 mundet

123 2713 240 2787 infusio,
269 2723 300 2772 et
330 2717 377 2773 sui
406 2717 480 2774 roris
514 2718 622 2774 intima
656 2718 822 2794 aspersione
857 2717 1004 2774 fecundet.
1068 2716 1128 2774 Per
1162 2717 1328 2777 Dominum

123 2803 265 2854 nostrum.
308 2797 347 2854 In
360 2799 477 2855 unitate
490 2798 630 2874 ejusdem.

484 3007 524 3064 In
544 3024 598 3064 ms
619 3006 738 3064 Sasero
759 3005 977 3064 Prsrreosras.

131 3100 135 3109 '
186 3100 325 3177 Officium.

184 3183 313 3259 Spiritus
338 3184 461 3241 Domini
482 3184 607 3260 replerit
631 3185 731 3241 orbem
755 3191 909 3254 tcrarrnm,
935 3183 1082 3258 alleluya:
1116 3189 1148 3239 et
1171 3183 1228 3242 hoc
1250 3186 1329 3262 quod

124 3263 256 3320 continet
270 3265 369 3321 omnia
382 3265 535 3323 scientiam
549 3265 639 3321 habet
652 3264 740 3337 tocie,
755 3264 892 3339 alleluya,
907 3263 1043 3340 alleluya.
1057 3263 1194 3340 alleluya.

184 3344 329 3404 Psclnnts.
1055 3389 1059 3396 -
1226 3360 1229 3365 '

183 3425 333 3502 Exsurgm
356 3427 438 3483 Deus
458 3430 488 3483 et
508 3425 687 3502 dissipentur
707 3425 821 3482 inimici
841 3425 922 3501 ejus:
943 3431 974 3482 et
995 3424 1112 3502 fugiant
1133 3426 1187 3502 qui
1201 3427 1329 3486 oderunt

123 3523 191 3562 eum
205 3526 223 3562 a
236 3505 309 3563 facie
323 3507 394 3581 ejus.

184 3584 293 3644 Oratio.

184 3665 275 3738 Deus,
291 3668 343 3743 qui
363 3667 505 3725 hodierna
525 3667 572 3724 die
592 3668 680 3724 eorda
699 3668 830 3725 fidelium
852 3667 954 3724 Sancti
978 3667 1106 3743 Spiritus
1128 3667 1328 3728 illustratione

124 3746 250 3804 docuisti
261 3768 269 3818 ;
296 3750 335 3804 da
358 3748 442 3806 nobis
465 3750 498 3804 in
522 3749 624 3805 eodem
648 3748 762 3823 Spiritu
785 3756 865 3805 recta
889 3768 989 3824 sapere
1013 3755 1044 3805 et
1067 3748 1104 3804 de
1128 3749 1192 3824 ejus
1213 3771 1328 3828 semper

123 3828 320 3886 consolatione
333 3829 466 3906 gaudere.
510 3829 569 3886 Per
582 3829 753 3886 Dominum.
797 3830 836 3886 In
850 3830 966 3886 unitate
979 3828 1118 3905 ejusdem.

183 3925 279 3983 Lectio
293 3925 422 3983 Actorum
435 3925 637 4002 Apostolorum
651 3926 700 4003 (ii.
718 3926 815 4003 l-ll).

183 4007 224 4063 In
246 4007 349 4064 diebus
369 4008 436 4081 illis,
463 4007 546 4064 Dum
569 4009 787 4085 complerentur
810 4009 872 4064 dies
894 4007 1092 4078 Pentecostes,
1114 4013 1202 4064 erant
1226 4029 1326 4068 omnes

122 4088 258 4164 discipuli
271 4089 383 4164 pariter
396 4089 428 4145 in
442 4089 544 4145 eodem
557 4088 620 4146 loco
634 4109 723 4163 usqtte
737 4090 778 4145 ad
798 4089 964 4145 audivimus
978 4108 1026 4145 eos
1047 4088 1203 4162 loquentes
1217 4092 1326 4149 nostris

121 4168 231 4249 linguis
245 4169 391 4245 magnalia
411 4169 477 4227 Dei.

179 4267 327 4341 Alleluya.
391 4266 419 4326 V.
444 4266 557 4324 Emitte
578 4266 723 4343 Spiritum
743 4273 838 4337 tuum,
855 4271 886 4322 et
904 4266 1100 4323 creabuntur:
1125 4272 1156 4322 et
1169 4268 1325 4326 renovabis

120 4345 226 4409 faciem
238 4355 333 4407 terrae.

177 4429 328 4501 Alleluya
378 4429 406 4488 V.
450 4428 616 4487 Paraolitus
638 4427 766 4504 Spiritus
788 4427 923 4500 Sanctus
941 4447 1029 4504 quem
1051 4427 1154 4485 mittet
1177 4428 1271 4489 Pater
1291 4431 1323 4487 in

143 4512 237 4573 *nine
249 4525 336 4567 mco:
358 4508 408 4570 ille
421 4530 474 4569 vos
487 4509 604 4568 docebit
617 4529 734 4568 omnem
747 4507 911 4566 veritatem.
