<?xml version="1.0" encoding="UTF-8"?>
<!DOCTYPE html PUBLIC "-//W3C//DTD XHTML 1.0 Transitional//EN"
    "http://www.w3.org/TR/xhtml1/DTD/xhtml1-transitional.dtd">
<html xmlns="http://www.w3.org/1999/xhtml" xml:lang="en" lang="en">
 <head>
  <title>
</title>
<meta http-equiv="Content-Type" content="text/html;charset=utf-8" />
  <meta name='ocr-system' content='tesseract 3.04.00' />
  <meta name='ocr-capabilities' content='ocr_page ocr_carea ocr_par ocr_line ocrx_word'/>
</head>
<body>
  <div class='ocr_page' id='page_1' title='image "./missaleadusumin03churgoog_0081.png"; bbox 0 0 2918 4986; ppageno 0'>
   <div class='ocr_carea' id='block_1_1' title="bbox 190 358 1134 446">
    <p class='ocr_par' dir='ltr' id='par_1_1' title="bbox 190 358 1134 446">
     <span class='ocr_line' id='line_1_1' title="bbox 190 358 1134 446; baseline -0.001 -20"><span class='ocrx_word' id='word_1_1' title='bbox 190 365 233 427; x_wconf 78' lang='lat'>28</span> <span class='ocrx_word' id='word_1_2' title='bbox 263 382 265 386; x_wconf 55' lang='lat'><em>⁴</em></span> <span class='ocrx_word' id='word_1_3' title='bbox 455 360 640 426; x_wconf 82' lang='lat' dir='ltr'>Domi-nica</span> <span class='ocrx_word' id='word_1_4' title='bbox 654 361 754 446; x_wconf 81' lang='lat' dir='ltr'>iufra</span> <span class='ocrx_word' id='word_1_5' title='bbox 771 360 907 427; x_wconf 76' lang='lat' dir='ltr'>Octa-cas</span> <span class='ocrx_word' id='word_1_6' title='bbox 920 358 1134 426; x_wconf 82' lang='lat' dir='ltr'>Nativitatia</span> 
     </span>
    </p>
   </div>
   <div class='ocr_carea' id='block_1_2' title="bbox 190 524 1403 1324">
    <p class='ocr_par' dir='ltr' id='par_1_2' title="bbox 191 524 1403 846">
     <span class='ocr_line' id='line_1_2' title="bbox 251 524 1403 607; baseline 0 -22"><span class='ocrx_word' id='word_1_7' title='bbox 251 529 410 604; x_wconf 80' lang='lat' dir='ltr'>Repetatar</span> <span class='ocrx_word' id='word_1_8' title='bbox 431 526 564 602; x_wconf 80' lang='lat' dir='ltr'>Officium</span> <span class='ocrx_word' id='word_1_9' title='bbox 585 538 652 586; x_wconf 79' lang='lat' dir='ltr'>arete</span> <span class='ocrx_word' id='word_1_10' title='bbox 674 527 776 586; x_wconf 79' lang='lat' dir='ltr'>Gloria</span> <span class='ocrx_word' id='word_1_11' title='bbox 794 527 887 598; x_wconf 87' lang='lat' dir='ltr'>Patri,</span> <span class='ocrx_word' id='word_1_12' title='bbox 910 537 937 586; x_wconf 84' lang='lat' dir='ltr'>ct</span> <span class='ocrx_word' id='word_1_13' title='bbox 955 526 1082 586; x_wconf 53' lang='lat' dir='ltr'>Grada&amp;</span> <span class='ocrx_word' id='word_1_14' title='bbox 1102 537 1172 604; x_wconf 84' lang='lat' dir='ltr'>poet</span> <span class='ocrx_word' id='word_1_15' title='bbox 1192 527 1313 586; x_wconf 72' lang='lat' dir='ltr'>Versum</span> <span class='ocrx_word' id='word_1_16' title='bbox 1336 524 1403 607; x_wconf 78' lang='lat' dir='ltr'>[cicc</span> 
     </span>
     <span class='ocr_line' id='line_1_3' title="bbox 191 607 1402 684; baseline 0.001 -19"><span class='ocrx_word' id='word_1_17' title='bbox 191 608 349 666; x_wconf 82' lang='lat' dir='ltr'>Dominica</span> <span class='ocrx_word' id='word_1_18' title='bbox 377 608 476 683; x_wconf 75' lang='lat' dir='ltr'>fucrit</span> <span class='ocrx_word' id='word_1_19' title='bbox 510 610 568 666; x_wconf 79' lang='lat' dir='ltr'>ciac</span> <span class='ocrx_word' id='word_1_20' title='bbox 606 629 673 667; x_wconf 85' lang='lat' dir='ltr'>aaa.</span> <span class='ocrx_word' id='word_1_21' title='bbox 726 609 831 684; x_wconf 73' lang='lat' dir='ltr'>Kyme,</span> <span class='ocrx_word' id='word_1_22' title='bbox 856 607 960 666; x_wconf 79' lang='lat' dir='ltr'><strong>Gloria</strong></span> <span class='ocrx_word' id='word_1_23' title='bbox 988 609 1021 665; x_wconf 88' lang='lat' dir='ltr'>in</span> <span class='ocrx_word' id='word_1_24' title='bbox 1045 608 1188 681; x_wconf 59' lang='lat' dir='ltr'>Excelsa,</span> <span class='ocrx_word' id='word_1_25' title='bbox 1219 608 1358 681; x_wconf 80' lang='lat' dir='ltr'>Sanctus,</span> <span class='ocrx_word' id='word_1_26' title='bbox 1377 617 1402 666; x_wconf 86' lang='lat' dir='ltr'>ct</span> 
     </span>
     <span class='ocr_line' id='line_1_4' title="bbox 191 688 1402 766; baseline 0.002 -21"><span class='ocrx_word' id='word_1_27' title='bbox 191 691 308 766; x_wconf 86' lang='lat' dir='ltr'>Agnus,</span> <span class='ocrx_word' id='word_1_28' title='bbox 324 698 359 746; x_wconf 85' lang='lat' dir='ltr'>at</span> <span class='ocrx_word' id='word_1_29' title='bbox 380 690 415 746; x_wconf 87' lang='lat' dir='ltr'>ia</span> <span class='ocrx_word' id='word_1_30' title='bbox 437 691 700 747; x_wconf 74' lang='lat' dir='ltr'><em>conmemoratione</em></span> <span class='ocrx_word' id='word_1_31' title='bbox 722 690 808 748; x_wconf 79' lang='lat' dir='ltr'>beata</span> <span class='ocrx_word' id='word_1_32' title='bbox 827 689 936 747; x_wconf 70' lang='lat' dir='ltr'>Maenia</span> <span class='ocrx_word' id='word_1_33' title='bbox 956 690 1105 747; x_wconf 80' lang='lat' dir='ltr'>dicantar.</span> <span class='ocrx_word' id='word_1_34' title='bbox 1147 688 1230 746; x_wconf 75' lang='grc'><strong>11111·</strong></span> <span class='ocrx_word' id='word_1_35' title='bbox 1243 689 1402 748; x_wconf 84' lang='lat' dir='ltr'>Dominica</span> 
     </span>
     <span class='ocr_line' id='line_1_5' title="bbox 191 769 1399 846; baseline 0.002 -20"><span class='ocrx_word' id='word_1_36' title='bbox 191 769 289 842; x_wconf 73' lang='grc'><strong>1111111,</strong></span> <span class='ocrx_word' id='word_1_37' title='bbox 305 770 430 842; x_wconf 74' lang='lat' dir='ltr'>dicatae,</span> <span class='ocrx_word' id='word_1_38' title='bbox 445 779 480 827; x_wconf 85' lang='lat' dir='ltr'>at</span> <span class='ocrx_word' id='word_1_39' title='bbox 493 791 586 846; x_wconf 80' lang='lat' dir='ltr'>capra</span> <span class='ocrx_word' id='word_1_40' title='bbox 598 772 639 828; x_wconf 85' lang='lat' dir='ltr'>ad</span> <span class='ocrx_word' id='word_1_41' title='bbox 656 771 782 828; x_wconf 77' lang='lat' dir='ltr'>Missam</span> <span class='ocrx_word' id='word_1_42' title='bbox 795 771 829 828; x_wconf 87' lang='lat' dir='ltr'>ia</span> <span class='ocrx_word' id='word_1_43' title='bbox 841 770 962 828; x_wconf 78' lang='lat' dir='ltr'>Aurora</span> <span class='ocrx_word' id='word_1_44' title='bbox 975 771 1009 828; x_wconf 90' lang='lat' dir='ltr'>ia</span> <span class='ocrx_word' id='word_1_45' title='bbox 1020 769 1067 828; x_wconf 86' lang='lat' dir='ltr'>dic</span> <span class='ocrx_word' id='word_1_46' title='bbox 1081 769 1261 829; x_wconf 78' lang='lat' dir='ltr'>Natiuitatis</span> <span class='ocrx_word' id='word_1_47' title='bbox 1273 779 1399 829; x_wconf 74' lang='lat' dir='ltr'>notatae.</span> 
     </span>
    </p>

    <p class='ocr_par' dir='ltr' id='par_1_3' title="bbox 253 848 369 989">
     <span class='ocr_line' id='line_1_6' title="bbox 253 848 369 989; baseline 0.009 -1"><span class='ocrx_word' id='word_1_48' title='bbox 253 848 369 989; x_wconf 75' lang='lat' dir='ltr'>Oratio]</span> 
     </span>
    </p>

    <p class='ocr_par' dir='ltr' id='par_1_4' title="bbox 190 1011 1400 1324">
     <span class='ocr_line' id='line_1_7' title="bbox 251 1011 1400 1089; baseline 0.002 -21"><span class='ocrx_word' id='word_1_49' title='bbox 251 1012 342 1085; x_wconf 90' lang='lat' dir='ltr'>Deus,</span> <span class='ocrx_word' id='word_1_50' title='bbox 359 1012 411 1088; x_wconf 89' lang='lat' dir='ltr'>qui</span> <span class='ocrx_word' id='word_1_51' title='bbox 424 1012 528 1070; x_wconf 88' lang='lat' dir='ltr'>salutis</span> <span class='ocrx_word' id='word_1_52' title='bbox 546 1017 662 1070; x_wconf 85' lang='lat' dir='ltr'>aeternae</span> <span class='ocrx_word' id='word_1_53' title='bbox 684 1014 778 1070; x_wconf 81' lang='lat' dir='ltr'>beatae</span> <span class='ocrx_word' id='word_1_54' title='bbox 800 1011 906 1070; x_wconf 76' lang='lat' dir='ltr'>Maria</span> <span class='ocrx_word' id='word_1_55' title='bbox 927 1012 1101 1089; x_wconf 84' lang='lat' dir='ltr'>virginitate</span> <span class='ocrx_word' id='word_1_56' title='bbox 1121 1011 1250 1070; x_wconf 85' lang='lat' dir='ltr'>fecunda</span> <span class='ocrx_word' id='word_1_57' title='bbox 1272 1013 1400 1070; x_wconf 86' lang='lat' dir='ltr'>humano</span> 
     </span>
     <span class='ocr_line' id='line_1_8' title="bbox 190 1093 1400 1170; baseline 0.001 -21"><span class='ocrx_word' id='word_1_58' title='bbox 190 1093 292 1167; x_wconf 84' lang='lat' dir='ltr'>generi</span> <span class='ocrx_word' id='word_1_59' title='bbox 305 1093 426 1169; x_wconf 87' lang='lat' dir='ltr'>praemia</span> <span class='ocrx_word' id='word_1_60' title='bbox 439 1093 612 1169; x_wconf 73' lang='lat' dir='ltr'>praestitisti,</span> <span class='ocrx_word' id='word_1_61' title='bbox 628 1094 735 1166; x_wconf 89' lang='lat' dir='ltr'>tribue,</span> <span class='ocrx_word' id='word_1_62' title='bbox 750 1113 927 1169; x_wconf 82' lang='lat' dir='ltr'>quaesumus,</span> <span class='ocrx_word' id='word_1_63' title='bbox 943 1099 978 1150; x_wconf 87' lang='lat' dir='ltr'>ut</span> <span class='ocrx_word' id='word_1_64' title='bbox 992 1094 1087 1169; x_wconf 81' lang='lat' dir='ltr'>ipsam</span> <span class='ocrx_word' id='word_1_65' title='bbox 1106 1112 1161 1170; x_wconf 88' lang='lat' dir='ltr'>pro</span> <span class='ocrx_word' id='word_1_66' title='bbox 1180 1093 1270 1150; x_wconf 91' lang='lat' dir='ltr'>nobis</span> <span class='ocrx_word' id='word_1_67' title='bbox 1284 1094 1400 1152; x_wconf 82' lang='lat' dir='ltr'>interce</span> 
     </span>
     <span class='ocr_line' id='line_1_9' title="bbox 190 1173 1397 1251; baseline 0.002 -22"><span class='ocrx_word' id='word_1_68' title='bbox 190 1173 260 1230; x_wconf 82' lang='lat' dir='ltr'>dere</span> <span class='ocrx_word' id='word_1_69' title='bbox 274 1173 443 1247; x_wconf 85' lang='lat' dir='ltr'>sentiamus,</span> <span class='ocrx_word' id='word_1_70' title='bbox 458 1193 512 1251; x_wconf 92' lang='lat' dir='ltr'>per</span> <span class='ocrx_word' id='word_1_71' title='bbox 525 1194 614 1251; x_wconf 87' lang='lat' dir='ltr'>quam</span> <span class='ocrx_word' id='word_1_72' title='bbox 632 1175 794 1231; x_wconf 89' lang='lat' dir='ltr'>meruimus</span> <span class='ocrx_word' id='word_1_73' title='bbox 812 1180 963 1232; x_wconf 83' lang='lat' dir='ltr'>auctorem</span> <span class='ocrx_word' id='word_1_74' title='bbox 976 1174 1046 1231; x_wconf 81' lang='lat' dir='ltr'>vitae</span> <span class='ocrx_word' id='word_1_75' title='bbox 1065 1173 1221 1250; x_wconf 87' lang='lat' dir='ltr'>suscipere,</span> <span class='ocrx_word' id='word_1_76' title='bbox 1238 1173 1397 1232; x_wconf 89' lang='lat' dir='ltr'>Dominum</span> 
     </span>
     <span class='ocr_line' id='line_1_10' title="bbox 190 1254 1162 1324; baseline 0.001 -14"><span class='ocrx_word' id='word_1_77' title='bbox 190 1261 326 1311; x_wconf 88' lang='lat' dir='ltr'>nostrum</span> <span class='ocrx_word' id='word_1_78' title='bbox 339 1254 361 1312; x_wconf 86' lang='lat' dir='ltr'><strong>J</strong></span> <span class='ocrx_word' id='word_1_79' title='bbox 363 1274 445 1312; x_wconf 85' lang='lat' dir='ltr'>esum</span> <span class='ocrx_word' id='word_1_80' title='bbox 460 1254 612 1312; x_wconf 73' lang='lat' dir='ltr'>Christum</span> <span class='ocrx_word' id='word_1_81' title='bbox 628 1255 739 1312; x_wconf 90' lang='lat' dir='ltr'>Filium</span> <span class='ocrx_word' id='word_1_82' title='bbox 752 1260 847 1312; x_wconf 91' lang='lat' dir='ltr'>tuum.</span> <span class='ocrx_word' id='word_1_83' title='bbox 891 1255 952 1324; x_wconf 77' lang='lat' dir='ltr'>Qui</span> <span class='ocrx_word' id='word_1_84' title='bbox 965 1261 1064 1313; x_wconf 88' lang='lat' dir='ltr'>tecum</span> <span class='ocrx_word' id='word_1_85' title='bbox 1077 1254 1162 1312; x_wconf 84' lang='lat' dir='ltr'>vivit.</span> 
     </span>
    </p>
   </div>
   <div class='ocr_carea' id='block_1_3' title="bbox 252 1349 1396 1431">
    <p class='ocr_par' dir='ltr' id='par_1_5' title="bbox 252 1349 1396 1431">
     <span class='ocr_line' id='line_1_11' title="bbox 252 1349 1396 1431; baseline 0 -21"><span class='ocrx_word' id='word_1_86' title='bbox 252 1349 409 1431; x_wconf 86' lang='lat' dir='ltr'>[Memoria</span> <span class='ocrx_word' id='word_1_87' title='bbox 422 1355 457 1411; x_wconf 84' lang='lat' dir='ltr'>dc</span> <span class='ocrx_word' id='word_1_88' title='bbox 470 1363 568 1411; x_wconf 79' lang='lat' dir='ltr'>sancto</span> <span class='ocrx_word' id='word_1_89' title='bbox 581 1352 735 1430; x_wconf 76' lang='lat' dir='ltr'>Stephano,</span> <span class='ocrx_word' id='word_1_90' title='bbox 751 1362 777 1410; x_wconf 87' lang='lat' dir='ltr'>et</span> <span class='ocrx_word' id='word_1_91' title='bbox 794 1354 829 1410; x_wconf 85' lang='lat' dir='ltr'>‹Ie</span> <span class='ocrx_word' id='word_1_92' title='bbox 849 1362 947 1411; x_wconf 78' lang='lat' dir='ltr'>sancto</span> <span class='ocrx_word' id='word_1_93' title='bbox 967 1351 1112 1424; x_wconf 65' lang='lat' dir='ltr'>«latonae,</span> <span class='ocrx_word' id='word_1_94' title='bbox 1136 1351 1170 1410; x_wconf 81' lang='lat' dir='ltr'>do</span> <span class='ocrx_word' id='word_1_95' title='bbox 1192 1349 1396 1411; x_wconf 73' lang='lat' dir='ltr'>Iaaoocatibae</span> 
     </span>
    </p>
   </div>
   <div class='ocr_carea' id='block_1_4' title="bbox 188 1432 1396 1595">
    <p class='ocr_par' dir='ltr' id='par_1_6' title="bbox 188 1432 1396 1595">
     <span class='ocr_line' id='line_1_12' title="bbox 188 1432 1396 1510; baseline 0.002 -22"><span class='ocrx_word' id='word_1_96' title='bbox 188 1441 216 1489; x_wconf 85' lang='lat' dir='ltr'>et</span> <span class='ocrx_word' id='word_1_97' title='bbox 243 1434 305 1491; x_wconf 86' lang='lat' dir='ltr'>alia</span> <span class='ocrx_word' id='word_1_98' title='bbox 331 1435 372 1492; x_wconf 85' lang='lat' dir='ltr'>ad</span> <span class='ocrx_word' id='word_1_99' title='bbox 401 1444 510 1492; x_wconf 74' lang='lat' dir='ltr'>actaea</span> <span class='ocrx_word' id='word_1_100' title='bbox 542 1433 731 1493; x_wconf 81' lang='lat' dir='ltr'>Saoccatoria</span> <span class='ocrx_word' id='word_1_101' title='bbox 788 1433 922 1509; x_wconf 78' lang='lat' dir='ltr'>Epistola</span> <span class='ocrx_word' id='word_1_102' title='bbox 948 1443 974 1492; x_wconf 84' lang='lat' dir='ltr'>ct</span> <span class='ocrx_word' id='word_1_103' title='bbox 1000 1433 1195 1509; x_wconf 72' lang='lat' dir='ltr'>anaycliam</span> <span class='ocrx_word' id='word_1_104' title='bbox 1224 1433 1260 1491; x_wconf 84' lang='lat' dir='ltr'>ia</span> <span class='ocrx_word' id='word_1_105' title='bbox 1287 1432 1396 1510; x_wconf 80' lang='lat' dir='ltr'>pulpito</span> 
     </span>
     <span class='ocr_line' id='line_1_13' title="bbox 189 1512 518 1595; baseline 0.009 -26"><span class='ocrx_word' id='word_1_106' title='bbox 189 1513 441 1588; x_wconf 70' lang='lat' dir='ltr'>{apamea—MS.</span> <span class='ocrx_word' id='word_1_107' title='bbox 464 1512 518 1595; x_wconf 87' lang='lat' dir='ltr'>D.]</span> 
     </span>
    </p>
   </div>
   <div class='ocr_carea' id='block_1_5' title="bbox 198 1607 1397 1827">
    <p class='ocr_par' dir='ltr' id='par_1_7' title="bbox 198 1607 1397 1827">
     <span class='ocr_line' id='line_1_14' title="bbox 250 1607 597 1687; baseline 0.006 -23"><span class='ocrx_word' id='word_1_108' title='bbox 250 1607 300 1665; x_wconf 81' lang='lat' dir='ltr'>Ad</span> <span class='ocrx_word' id='word_1_109' title='bbox 316 1609 437 1667; x_wconf 76' lang='lat' dir='ltr'>Galatas</span> <span class='ocrx_word' id='word_1_110' title='bbox 450 1608 505 1686; x_wconf 83' lang='lat' dir='ltr'>(io.</span> <span class='ocrx_word' id='word_1_111' title='bbox 524 1609 597 1687; x_wconf 84' lang='grc'><strong>1-7)</strong></span> 
     </span>
     <span class='ocr_line' id='line_1_15' title="bbox 198 1687 1397 1827; baseline -0.001 -80"><span class='ocrx_word' id='word_1_112' title='bbox 198 1689 388 1827; x_wconf 53' lang='lat' dir='ltr'>Deflpatres:</span> <span class='ocrx_word' id='word_1_113' title='bbox 414 1690 533 1759; x_wconf 81' lang='lat' dir='ltr'>Quanto</span> <span class='ocrx_word' id='word_1_114' title='bbox 558 1696 691 1765; x_wconf 87' lang='lat' dir='ltr'>temporo</span> <span class='ocrx_word' id='word_1_115' title='bbox 714 1688 799 1746; x_wconf 89' lang='lat' dir='ltr'>heres</span> <span class='ocrx_word' id='word_1_116' title='bbox 826 1708 900 1765; x_wconf 88' lang='lat' dir='ltr'>parv</span> <span class='ocrx_word' id='word_1_117' title='bbox 914 1688 982 1746; x_wconf 89' lang='lat' dir='ltr'>ulus</span> <span class='ocrx_word' id='word_1_118' title='bbox 1006 1693 1052 1746; x_wconf 89' lang='lat' dir='ltr'>est</span> <span class='ocrx_word' id='word_1_119' title='bbox 1074 1708 1166 1763; x_wconf 83' lang='lat' dir='ltr'>asqac</span> <span class='ocrx_word' id='word_1_120' title='bbox 1189 1689 1232 1746; x_wconf 83' lang='lat' dir='ltr'>ad</span> <span class='ocrx_word' id='word_1_121' title='bbox 1255 1687 1343 1746; x_wconf 86' lang='lat' dir='ltr'>heres</span> <span class='ocrx_word' id='word_1_122' title='bbox 1355 1703 1397 1766; x_wconf 84' lang='lat' dir='ltr'>per</span> 
     </span>
    </p>
   </div>
   <div class='ocr_carea' id='block_1_6' title="bbox 252 1846 1352 1930">
    <p class='ocr_par' dir='ltr' id='par_1_8' title="bbox 252 1846 1352 1930">
     <span class='ocr_line' id='line_1_16' title="bbox 252 1846 1352 1930; baseline -0.001 -22"><span class='ocrx_word' id='word_1_123' title='bbox 252 1850 378 1909; x_wconf 79' lang='lat' dir='ltr'>Gradalc</span> <span class='ocrx_word' id='word_1_124' title='bbox 393 1847 425 1930; x_wconf 85' lang='lat' dir='ltr'>[a</span> <span class='ocrx_word' id='word_1_125' title='bbox 438 1852 551 1909; x_wconf 80' lang='lat' dir='ltr'>&lt;lactas</span> <span class='ocrx_word' id='word_1_126' title='bbox 564 1850 732 1908; x_wconf 79' lang='lat' dir='ltr'>Rectoritae</span> <span class='ocrx_word' id='word_1_127' title='bbox 746 1848 838 1908; x_wconf 75' lang='lat' dir='ltr'>Ultori</span> <span class='ocrx_word' id='word_1_128' title='bbox 851 1859 983 1908; x_wconf 75' lang='lat' dir='ltr'>caatctaa</span> <span class='ocrx_word' id='word_1_129' title='bbox 995 1850 1029 1907; x_wconf 87' lang='lat' dir='ltr'>ia</span> <span class='ocrx_word' id='word_1_130' title='bbox 1043 1848 1281 1926; x_wconf 64' lang='lat' dir='ltr'>patrita-MS.</span> <span class='ocrx_word' id='word_1_131' title='bbox 1297 1846 1352 1930; x_wconf 90' lang='lat' dir='ltr'>D.]</span> 
     </span>
    </p>
   </div>
   <div class='ocr_carea' id='block_1_7' title="bbox 190 1945 1403 2185">
    <p class='ocr_par' dir='ltr' id='par_1_9' title="bbox 190 1945 1403 2185">
     <span class='ocr_line' id='line_1_17' title="bbox 251 1945 1382 2024; baseline 0 -20"><span class='ocrx_word' id='word_1_132' title='bbox 251 1948 403 2023; x_wconf 66' lang='lat' dir='ltr'>speciosus</span> <span class='ocrx_word' id='word_1_133' title='bbox 416 1949 512 2006; x_wconf 85' lang='lat' dir='ltr'>forma</span> <span class='ocrx_word' id='word_1_134' title='bbox 525 1967 586 2024; x_wconf 87' lang='lat' dir='ltr'>prae</span> <span class='ocrx_word' id='word_1_135' title='bbox 600 1947 669 2004; x_wconf 87' lang='lat' dir='ltr'>filiis</span> <span class='ocrx_word' id='word_1_136' title='bbox 683 1947 856 2005; x_wconf 88' lang='lat' dir='ltr'>hominum:</span> <span class='ocrx_word' id='word_1_137' title='bbox 874 1946 982 2005; x_wconf 88' lang='lat' dir='ltr'>diffusa</span> <span class='ocrx_word' id='word_1_138' title='bbox 995 1953 1040 2005; x_wconf 88' lang='lat' dir='ltr'>est</span> <span class='ocrx_word' id='word_1_139' title='bbox 1053 1946 1150 2023; x_wconf 82' lang='lat' dir='ltr'>gratia</span> <span class='ocrx_word' id='word_1_140' title='bbox 1163 1945 1197 2002; x_wconf 90' lang='lat' dir='ltr'>in</span> <span class='ocrx_word' id='word_1_141' title='bbox 1210 1945 1301 2005; x_wconf 85' lang='lat' dir='ltr'>labiis</span> <span class='ocrx_word' id='word_1_142' title='bbox 1314 1946 1382 2004; x_wconf 83' lang='lat' dir='ltr'>tuis</span> 
     </span>
     <span class='ocr_line' id='line_1_18' title="bbox 198 2026 1403 2104; baseline 0 -19"><span class='ocrx_word' id='word_1_143' title='bbox 198 2030 228 2085; x_wconf 82' lang='lat' dir='ltr'>V.</span> <span class='ocrx_word' id='word_1_144' title='bbox 252 2027 410 2085; x_wconf 83' lang='lat' dir='ltr'>Eructavit</span> <span class='ocrx_word' id='word_1_145' title='bbox 436 2048 486 2086; x_wconf 90' lang='lat' dir='ltr'>eor</span> <span class='ocrx_word' id='word_1_146' title='bbox 512 2048 611 2086; x_wconf 91' lang='lat' dir='ltr'>meum</span> <span class='ocrx_word' id='word_1_147' title='bbox 638 2028 763 2085; x_wconf 86' lang='lat' dir='ltr'>verbum</span> <span class='ocrx_word' id='word_1_148' title='bbox 785 2029 916 2086; x_wconf 90' lang='lat' dir='ltr'>bonum:</span> <span class='ocrx_word' id='word_1_149' title='bbox 948 2027 1013 2085; x_wconf 91' lang='lat' dir='ltr'>dico</span> <span class='ocrx_word' id='word_1_150' title='bbox 1035 2047 1088 2104; x_wconf 86' lang='lat' dir='ltr'>ego</span> <span class='ocrx_word' id='word_1_151' title='bbox 1110 2046 1200 2103; x_wconf 86' lang='lat' dir='ltr'>opera</span> <span class='ocrx_word' id='word_1_152' title='bbox 1221 2046 1291 2085; x_wconf 88' lang='lat' dir='ltr'>mea</span> <span class='ocrx_word' id='word_1_153' title='bbox 1317 2026 1403 2104; x_wconf 83' lang='lat' dir='ltr'>regi</span> 
     </span>
     <span class='ocr_line' id='line_1_19' title="bbox 190 2108 958 2185; baseline 0.003 -21"><span class='ocrx_word' id='word_1_154' title='bbox 190 2108 292 2185; x_wconf 80' lang='lat' dir='ltr'>lingua</span> <span class='ocrx_word' id='word_1_155' title='bbox 305 2127 371 2166; x_wconf 87' lang='lat' dir='ltr'>mea</span> <span class='ocrx_word' id='word_1_156' title='bbox 384 2109 512 2166; x_wconf 87' lang='lat' dir='ltr'>calamus</span> <span class='ocrx_word' id='word_1_157' title='bbox 526 2110 627 2167; x_wconf 79' lang='lat' dir='ltr'>scribae</span> <span class='ocrx_word' id='word_1_158' title='bbox 641 2109 782 2166; x_wconf 86' lang='lat' dir='ltr'>velociter</span> <span class='ocrx_word' id='word_1_159' title='bbox 795 2109 958 2166; x_wconf 84' lang='lat' dir='ltr'>scribentis</span> 
     </span>
    </p>
   </div>
   <div class='ocr_carea' id='block_1_8' title="bbox 191 2202 1420 4436">
    <p class='ocr_par' dir='ltr' id='par_1_10' title="bbox 191 2202 1420 4436">
     <span class='ocr_line' id='line_1_20' title="bbox 253 2202 1419 2285; baseline -0.001 -22"><span class='ocrx_word' id='word_1_160' title='bbox 253 2203 423 2285; x_wconf 79' lang='lat' dir='ltr'>[Repetatar</span> <span class='ocrx_word' id='word_1_161' title='bbox 433 2207 567 2279; x_wconf 79' lang='lat' dir='ltr'>Gradaic,</span> <span class='ocrx_word' id='word_1_162' title='bbox 579 2217 605 2264; x_wconf 88' lang='lat' dir='ltr'>et</span> <span class='ocrx_word' id='word_1_163' title='bbox 618 2207 736 2265; x_wconf 80' lang='lat' dir='ltr'>dicatur</span> <span class='ocrx_word' id='word_1_164' title='bbox 745 2207 780 2264; x_wconf 81' lang='lat' dir='ltr'>ab</span> <span class='ocrx_word' id='word_1_165' title='bbox 791 2207 860 2264; x_wconf 78' lang='lat' dir='ltr'>aliia</span> <span class='ocrx_word' id='word_1_166' title='bbox 869 2206 983 2265; x_wconf 76' lang='lat' dir='ltr'>dicebas</span> <span class='ocrx_word' id='word_1_167' title='bbox 996 2207 1037 2264; x_wconf 80' lang='lat' dir='ltr'>ad</span> <span class='ocrx_word' id='word_1_168' title='bbox 1050 2213 1159 2262; x_wconf 81' lang='lat' dir='ltr'>autam</span> <span class='ocrx_word' id='word_1_169' title='bbox 1172 2202 1359 2264; x_wconf 80' lang='lat' dir='ltr'>Saocealoris</span> <span class='ocrx_word' id='word_1_170' title='bbox 1371 2205 1419 2262; x_wconf 76' lang='lat' dir='ltr'>irb</span> 
     </span>
     <span class='ocr_line' id='line_1_21' title="bbox 191 2286 580 2368; baseline 0 -22"><span class='ocrx_word' id='word_1_171' title='bbox 191 2286 283 2362; x_wconf 73' lang='lat' dir='ltr'>Cupie</span> <span class='ocrx_word' id='word_1_172' title='bbox 296 2287 510 2346; x_wconf 62' lang='lat' dir='ltr'>acacia—MS.</span> <span class='ocrx_word' id='word_1_173' title='bbox 528 2286 580 2368; x_wconf 87' lang='lat' dir='ltr'>D.]</span> 
     </span>
     <span class='ocr_line' id='line_1_22' title="bbox 251 2379 1420 2462; baseline 0 -21"><span class='ocrx_word' id='word_1_174' title='bbox 251 2385 399 2462; x_wconf 87' lang='lat' dir='ltr'>Alleluya.</span> <span class='ocrx_word' id='word_1_175' title='bbox 449 2387 479 2444; x_wconf 79' lang='lat' dir='ltr'>V.</span> <span class='ocrx_word' id='word_1_176' title='bbox 503 2386 650 2444; x_wconf 88' lang='lat' dir='ltr'>Dominus</span> <span class='ocrx_word' id='word_1_177' title='bbox 670 2386 815 2462; x_wconf 85' lang='lat' dir='ltr'>regnavit,</span> <span class='ocrx_word' id='word_1_178' title='bbox 837 2385 972 2444; x_wconf 88' lang='lat' dir='ltr'>decorem</span> <span class='ocrx_word' id='word_1_179' title='bbox 990 2385 1108 2443; x_wconf 88' lang='lat' dir='ltr'>induit:</span> <span class='ocrx_word' id='word_1_180' title='bbox 1132 2383 1234 2441; x_wconf 87' lang='lat' dir='ltr'>induit</span> <span class='ocrx_word' id='word_1_181' title='bbox 1255 2379 1420 2443; x_wconf 66' lang='lat' dir='ltr'>Dominu³</span> 
     </span>
     <span class='ocr_line' id='line_1_23' title="bbox 192 2466 804 2544; baseline 0.005 -22"><span class='ocrx_word' id='word_1_182' title='bbox 192 2466 409 2538; x_wconf 80' lang='lat' dir='ltr'>fortitudinem,</span> <span class='ocrx_word' id='word_1_183' title='bbox 426 2473 457 2524; x_wconf 91' lang='lat' dir='ltr'>et</span> <span class='ocrx_word' id='word_1_184' title='bbox 469 2468 627 2544; x_wconf 79' lang='lat' dir='ltr'>praecinxit</span> <span class='ocrx_word' id='word_1_185' title='bbox 641 2487 671 2525; x_wconf 90' lang='lat' dir='ltr'>se</span> <span class='ocrx_word' id='word_1_186' title='bbox 684 2468 804 2525; x_wconf 86' lang='lat' dir='ltr'>virtute.</span> 
     </span>
     <span class='ocr_line' id='line_1_24' title="bbox 253 2561 945 2644; baseline 0 -24"><span class='ocrx_word' id='word_1_187' title='bbox 253 2561 378 2643; x_wconf 83' lang='lat' dir='ltr'>[Deiacle</span> <span class='ocrx_word' id='word_1_188' title='bbox 391 2563 554 2638; x_wconf 71' lang='lat' dir='ltr'>incipiatur</span> <span class='ocrx_word' id='word_1_189' title='bbox 567 2584 586 2621; x_wconf 93' lang='lat' dir='ltr'>a</span> <span class='ocrx_word' id='word_1_190' title='bbox 600 2562 875 2622; x_wconf 71' lang='lat' dir='ltr'>Sacaraucae—MS.</span> <span class='ocrx_word' id='word_1_191' title='bbox 891 2561 945 2644; x_wconf 85' lang='lat' dir='ltr'>D.]</span> 
     </span>
     <span class='ocr_line' id='line_1_25' title="bbox 251 2661 414 2738; baseline 0 -18"><span class='ocrx_word' id='word_1_192' title='bbox 251 2661 414 2738; x_wconf 70' lang='lat' dir='ltr'>›S&#39;cqacatia</span> 
     </span>
     <span class='ocr_line' id='line_1_26' title="bbox 313 2742 954 2821; baseline 0 -20"><span class='ocrx_word' id='word_1_193' title='bbox 313 2743 437 2801; x_wconf 77' lang='lat' dir='ltr'>(laeleste</span> <span class='ocrx_word' id='word_1_194' title='bbox 451 2763 594 2821; x_wconf 78' lang='lat' dir='ltr'>organum</span> <span class='ocrx_word' id='word_1_195' title='bbox 607 2742 694 2800; x_wconf 92' lang='lat' dir='ltr'>hodie</span> <span class='ocrx_word' id='word_1_196' title='bbox 708 2743 809 2800; x_wconf 91' lang='lat' dir='ltr'>sonuit</span> <span class='ocrx_word' id='word_1_197' title='bbox 821 2743 854 2799; x_wconf 89' lang='lat' dir='ltr'>in</span> <span class='ocrx_word' id='word_1_198' title='bbox 867 2748 954 2801; x_wconf 90' lang='lat' dir='ltr'>terra.</span> 
     </span>
     <span class='ocr_line' id='line_1_27' title="bbox 312 2823 1058 2902; baseline -0.004 -20"><span class='ocrx_word' id='word_1_199' title='bbox 312 2825 365 2882; x_wconf 90' lang='lat' dir='ltr'>Ad</span> <span class='ocrx_word' id='word_1_200' title='bbox 377 2832 496 2902; x_wconf 90' lang='lat' dir='ltr'>partum</span> <span class='ocrx_word' id='word_1_201' title='bbox 510 2824 646 2901; x_wconf 82' lang='lat' dir='ltr'>Virginis</span> <span class='ocrx_word' id='word_1_202' title='bbox 660 2843 799 2900; x_wconf 89' lang='lat' dir='ltr'>superum</span> <span class='ocrx_word' id='word_1_203' title='bbox 812 2823 920 2880; x_wconf 91' lang='lat' dir='ltr'>cecinit</span> <span class='ocrx_word' id='word_1_204' title='bbox 933 2827 1058 2880; x_wconf 83' lang='lat' dir='ltr'>caterva.</span> 
     </span>
     <span class='ocr_line' id='line_1_28' title="bbox 313 2903 1217 2981; baseline -0.006 -17"><span class='ocrx_word' id='word_1_205' title='bbox 313 2906 393 2975; x_wconf 79' lang='lat' dir='ltr'>Quid</span> <span class='ocrx_word' id='word_1_206' title='bbox 406 2906 487 2979; x_wconf 86' lang='lat' dir='ltr'>facis,</span> <span class='ocrx_word' id='word_1_207' title='bbox 503 2906 634 2963; x_wconf 88' lang='lat' dir='ltr'>humana</span> <span class='ocrx_word' id='word_1_208' title='bbox 646 2905 743 2976; x_wconf 87' lang='lat' dir='ltr'>turba,</span> <span class='ocrx_word' id='word_1_209' title='bbox 759 2924 812 2961; x_wconf 88' lang='lat' dir='ltr'>our</span> <span class='ocrx_word' id='word_1_210' title='bbox 824 2923 886 2961; x_wconf 90' lang='lat' dir='ltr'>non</span> <span class='ocrx_word' id='word_1_211' title='bbox 899 2903 1008 2981; x_wconf 83' lang='lat' dir='ltr'>gaudes</span> <span class='ocrx_word' id='word_1_212' title='bbox 1021 2922 1090 2961; x_wconf 91' lang='lat' dir='ltr'>cum</span> <span class='ocrx_word' id='word_1_213' title='bbox 1103 2919 1217 2978; x_wconf 84' lang='lat' dir='ltr'>supera.</span> 
     </span>
     <span class='ocr_line' id='line_1_29' title="bbox 311 2983 1064 3064; baseline -0.004 -20"><span class='ocrx_word' id='word_1_214' title='bbox 311 2987 429 3064; x_wconf 85' lang='lat' dir='ltr'>Vigilat</span> <span class='ocrx_word' id='word_1_215' title='bbox 443 2994 593 3064; x_wconf 87' lang='lat' dir='ltr'>pastorum</span> <span class='ocrx_word' id='word_1_216' title='bbox 607 3007 696 3045; x_wconf 88' lang='lat' dir='ltr'>cura:</span> <span class='ocrx_word' id='word_1_217' title='bbox 719 3005 779 3042; x_wconf 87' lang='lat' dir='ltr'>vox</span> <span class='ocrx_word' id='word_1_218' title='bbox 792 2985 914 3042; x_wconf 85' lang='lat' dir='ltr'>auditur</span> <span class='ocrx_word' id='word_1_219' title='bbox 926 2983 1064 3060; x_wconf 80' lang='lat' dir='ltr'>angelica</span> 
     </span>
     <span class='ocr_line' id='line_1_30' title="bbox 311 3064 1103 3145; baseline -0.006 -19"><span class='ocrx_word' id='word_1_220' title='bbox 311 3068 481 3127; x_wconf 65' lang='lat' dir='ltr'>cantabant</span> <span class='ocrx_word' id='word_1_221' title='bbox 494 3068 607 3145; x_wconf 85' lang='lat' dir='ltr'>inclyta</span> <span class='ocrx_word' id='word_1_222' title='bbox 619 3066 759 3139; x_wconf 88' lang='lat' dir='ltr'>carmina,</span> <span class='ocrx_word' id='word_1_223' title='bbox 775 3065 862 3143; x_wconf 91' lang='lat' dir='ltr'>plena</span> <span class='ocrx_word' id='word_1_224' title='bbox 875 3084 946 3142; x_wconf 85' lang='lat' dir='ltr'>pace</span> <span class='ocrx_word' id='word_1_225' title='bbox 960 3071 990 3122; x_wconf 90' lang='lat' dir='ltr'>et</span> <span class='ocrx_word' id='word_1_226' title='bbox 1003 3064 1103 3142; x_wconf 82' lang='lat' dir='ltr'>gloria.</span> 
     </span>
     <span class='ocr_line' id='line_1_31' title="bbox 311 3141 1244 3224; baseline -0.006 -17"><span class='ocrx_word' id='word_1_227' title='bbox 311 3150 363 3207; x_wconf 92' lang='lat' dir='ltr'>Ad</span> <span class='ocrx_word' id='word_1_228' title='bbox 377 3150 530 3207; x_wconf 77' lang='lat' dir='ltr'>Christum</span> <span class='ocrx_word' id='word_1_229' title='bbox 542 3148 676 3207; x_wconf 86' lang='lat' dir='ltr'>referunt</span> <span class='ocrx_word' id='word_1_230' title='bbox 689 3147 816 3224; x_wconf 88' lang='lat' dir='ltr'>propria,</span> <span class='ocrx_word' id='word_1_231' title='bbox 831 3146 918 3203; x_wconf 88' lang='lat' dir='ltr'>nobis</span> <span class='ocrx_word' id='word_1_232' title='bbox 932 3150 1043 3203; x_wconf 85' lang='lat' dir='ltr'>canunt</span> <span class='ocrx_word' id='word_1_233' title='bbox 1056 3165 1094 3203; x_wconf 81' lang='lat' dir='ltr'>ex</span> <span class='ocrx_word' id='word_1_234' title='bbox 1106 3141 1211 3220; x_wconf 85' lang='lat' dir='ltr'>gratia.</span> <span class='ocrx_word' id='word_1_235' title='bbox 1242 3149 1244 3153; x_wconf 81' lang='grc'><strong>’</strong></span> 
     </span>
     <span class='ocr_line' id='line_1_32' title="bbox 311 3223 1298 3301; baseline -0.005 -13"><span class='ocrx_word' id='word_1_236' title='bbox 311 3231 343 3288; x_wconf 88' lang='lat' dir='ltr'>N</span> <span class='ocrx_word' id='word_1_237' title='bbox 345 3251 377 3288; x_wconf 90' lang='lat' dir='ltr'>ec</span> <span class='ocrx_word' id='word_1_238' title='bbox 391 3236 564 3288; x_wconf 89' lang='lat' dir='ltr'>cunctorum</span> <span class='ocrx_word' id='word_1_239' title='bbox 577 3236 649 3287; x_wconf 87' lang='lat' dir='ltr'>sunt</span> <span class='ocrx_word' id='word_1_240' title='bbox 662 3229 724 3286; x_wconf 87' lang='lat' dir='ltr'>haec</span> <span class='ocrx_word' id='word_1_241' title='bbox 738 3227 823 3298; x_wconf 91' lang='lat' dir='ltr'>dona,</span> <span class='ocrx_word' id='word_1_242' title='bbox 839 3227 889 3284; x_wconf 87' lang='lat' dir='ltr'>sed</span> <span class='ocrx_word' id='word_1_243' title='bbox 903 3246 986 3285; x_wconf 90' lang='lat' dir='ltr'>mens</span> <span class='ocrx_word' id='word_1_244' title='bbox 1000 3245 1127 3301; x_wconf 90' lang='lat' dir='ltr'>quorum</span> <span class='ocrx_word' id='word_1_245' title='bbox 1141 3225 1199 3282; x_wconf 90' lang='lat' dir='ltr'>erit</span> <span class='ocrx_word' id='word_1_246' title='bbox 1210 3223 1298 3283; x_wconf 86' lang='lat' dir='ltr'>bona</span> 
     </span>
     <span class='ocr_line' id='line_1_33' title="bbox 312 3307 1112 3383; baseline -0.005 -16"><span class='ocrx_word' id='word_1_247' title='bbox 312 3310 344 3367; x_wconf 92' lang='lat' dir='ltr'>N</span> <span class='ocrx_word' id='word_1_248' title='bbox 345 3330 384 3367; x_wconf 91' lang='lat' dir='ltr'>on</span> <span class='ocrx_word' id='word_1_249' title='bbox 398 3316 468 3367; x_wconf 87' lang='lat' dir='ltr'>sunt</span> <span class='ocrx_word' id='word_1_250' title='bbox 482 3310 615 3367; x_wconf 84' lang='lat' dir='ltr'>absolute</span> <span class='ocrx_word' id='word_1_251' title='bbox 628 3310 706 3381; x_wconf 87' lang='lat' dir='ltr'>data,</span> <span class='ocrx_word' id='word_1_252' title='bbox 722 3308 892 3366; x_wconf 84' lang='lat' dir='ltr'>differenter</span> <span class='ocrx_word' id='word_1_253' title='bbox 905 3312 976 3365; x_wconf 91' lang='lat' dir='ltr'>sunt</span> <span class='ocrx_word' id='word_1_254' title='bbox 989 3307 1112 3383; x_wconf 89' lang='lat' dir='ltr'>prolata.</span> 
     </span>
     <span class='ocr_line' id='line_1_34' title="bbox 311 3385 1401 3464; baseline -0.006 -17"><span class='ocrx_word' id='word_1_255' title='bbox 311 3389 451 3448; x_wconf 84' lang='lat' dir='ltr'>Affectus</span> <span class='ocrx_word' id='word_1_256' title='bbox 465 3389 580 3447; x_wconf 88' lang='lat' dir='ltr'>deserat</span> <span class='ocrx_word' id='word_1_257' title='bbox 593 3389 689 3448; x_wconf 84' lang='lat' dir='ltr'>vitia:</span> <span class='ocrx_word' id='word_1_258' title='bbox 722 3395 754 3447; x_wconf 86' lang='lat' dir='ltr'>et</span> <span class='ocrx_word' id='word_1_259' title='bbox 772 3389 812 3446; x_wconf 88' lang='lat' dir='ltr'>sio</span> <span class='ocrx_word' id='word_1_260' title='bbox 833 3388 919 3446; x_wconf 90' lang='lat' dir='ltr'>nobis</span> <span class='ocrx_word' id='word_1_261' title='bbox 937 3407 997 3464; x_wconf 88' lang='lat' dir='ltr'>pax</span> <span class='ocrx_word' id='word_1_262' title='bbox 1014 3393 1059 3446; x_wconf 89' lang='lat' dir='ltr'>est</span> <span class='ocrx_word' id='word_1_263' title='bbox 1075 3386 1136 3459; x_wconf 81' lang='lat' dir='ltr'>illa,</span> <span class='ocrx_word' id='word_1_264' title='bbox 1159 3385 1231 3462; x_wconf 89' lang='lat' dir='ltr'>quia</span> <span class='ocrx_word' id='word_1_265' title='bbox 1250 3386 1337 3446; x_wconf 88' lang='lat' dir='ltr'>bonis</span> <span class='ocrx_word' id='word_1_266' title='bbox 1356 3390 1401 3443; x_wconf 88' lang='lat' dir='ltr'>est</span> 
     </span>
     <span class='ocr_line' id='line_1_35' title="bbox 454 3489 581 3528; baseline 0 0"><span class='ocrx_word' id='word_1_267' title='bbox 454 3489 581 3528; x_wconf 81' lang='lat' dir='ltr'>erm1ssa</span> 
     </span>
     <span class='ocr_line' id='line_1_36' title="bbox 312 3489 1401 3629; baseline -0.005 -20"><span class='ocrx_word' id='word_1_268' title='bbox 312 3552 333 3609; x_wconf 85' lang='lat' dir='ltr'><strong>J</strong></span> <span class='ocrx_word' id='word_1_269' title='bbox 335 3489 491 3629; x_wconf 69' lang='lat' dir='ltr'>unguniur</span> <span class='ocrx_word' id='word_1_270' title='bbox 516 3551 628 3626; x_wconf 84' lang='lat' dir='ltr'>superis</span> <span class='ocrx_word' id='word_1_271' title='bbox 654 3556 758 3622; x_wconf 82' lang='lat' dir='ltr'>terrea,</span> <span class='ocrx_word' id='word_1_272' title='bbox 784 3551 822 3607; x_wconf 95' lang='lat' dir='ltr'>ob</span> <span class='ocrx_word' id='word_1_273' title='bbox 847 3549 902 3607; x_wconf 93' lang='lat' dir='ltr'>hoc</span> <span class='ocrx_word' id='word_1_274' title='bbox 930 3548 1009 3625; x_wconf 93' lang='lat' dir='ltr'>quod</span> <span class='ocrx_word' id='word_1_275' title='bbox 1034 3548 1099 3606; x_wconf 86' lang='lat' dir='ltr'>laus</span> <span class='ocrx_word' id='word_1_276' title='bbox 1128 3553 1173 3606; x_wconf 87' lang='lat' dir='ltr'>est</span> <span class='ocrx_word' id='word_1_277' title='bbox 1192 3548 1320 3624; x_wconf 82' lang='lat' dir='ltr'>juncta3</span> <span class='ocrx_word' id='word_1_278' title='bbox 1350 3545 1401 3605; x_wconf 88' lang='lat' dir='ltr'>sed</span> 
     </span>
     <span class='ocr_line' id='line_1_37' title="bbox 435 3631 734 3689; baseline -0.003 -1"><span class='ocrx_word' id='word_1_279' title='bbox 435 3631 571 3689; x_wconf 85' lang='lat' dir='ltr'>decenter</span> <span class='ocrx_word' id='word_1_280' title='bbox 583 3631 619 3689; x_wconf 76' lang='lat' dir='ltr'>fir</span> <span class='ocrx_word' id='word_1_281' title='bbox 632 3631 734 3689; x_wconf 87' lang='lat' dir='ltr'>divisa.</span> 
     </span>
     <span class='ocr_line' id='line_1_38' title="bbox 313 3711 881 3788; baseline -0.002 -17"><span class='ocrx_word' id='word_1_282' title='bbox 313 3712 424 3784; x_wconf 86' lang='lat' dir='ltr'>Gaude,</span> <span class='ocrx_word' id='word_1_283' title='bbox 439 3712 536 3785; x_wconf 91' lang='lat' dir='ltr'>homo,</span> <span class='ocrx_word' id='word_1_284' title='bbox 551 3731 618 3770; x_wconf 89' lang='lat' dir='ltr'>cum</span> <span class='ocrx_word' id='word_1_285' title='bbox 631 3712 788 3788; x_wconf 83' lang='lat' dir='ltr'>perpendis</span> <span class='ocrx_word' id='word_1_286' title='bbox 800 3711 881 3770; x_wconf 86' lang='lat' dir='ltr'>talia.</span> 
     </span>
     <span class='ocr_line' id='line_1_39' title="bbox 313 3792 813 3866; baseline -0.002 -14"><span class='ocrx_word' id='word_1_287' title='bbox 313 3793 425 3866; x_wconf 81' lang='lat' dir='ltr'>Gaude,</span> <span class='ocrx_word' id='word_1_288' title='bbox 441 3812 516 3859; x_wconf 89' lang='lat' dir='ltr'>caro,</span> <span class='ocrx_word' id='word_1_289' title='bbox 530 3793 608 3851; x_wconf 85' lang='lat' dir='ltr'>faeta</span> <span class='ocrx_word' id='word_1_290' title='bbox 621 3792 717 3852; x_wconf 84' lang='lat' dir='ltr'>Verbi</span> <span class='ocrx_word' id='word_1_291' title='bbox 730 3794 813 3851; x_wconf 85' lang='lat' dir='ltr'>socia</span> 
     </span>
     <span class='ocr_line' id='line_1_40' title="bbox 313 3871 1059 3949; baseline -0.004 -17"><span class='ocrx_word' id='word_1_292' title='bbox 313 3874 466 3932; x_wconf 85' lang='lat' dir='ltr'>Nuntiant</span> <span class='ocrx_word' id='word_1_293' title='bbox 479 3873 543 3949; x_wconf 88' lang='lat' dir='ltr'>ejus</span> <span class='ocrx_word' id='word_1_294' title='bbox 556 3879 655 3932; x_wconf 89' lang='lat' dir='ltr'>ortum</span> <span class='ocrx_word' id='word_1_295' title='bbox 668 3873 773 3947; x_wconf 87' lang='lat' dir='ltr'>sidera,</span> <span class='ocrx_word' id='word_1_296' title='bbox 788 3873 863 3931; x_wconf 84' lang='lat' dir='ltr'>lucis</span> <span class='ocrx_word' id='word_1_297' title='bbox 876 3892 929 3949; x_wconf 88' lang='lat' dir='ltr'>por</span> <span class='ocrx_word' id='word_1_298' title='bbox 941 3871 1059 3930; x_wconf 88' lang='lat' dir='ltr'>indicia.</span> 
     </span>
     <span class='ocr_line' id='line_1_41' title="bbox 312 3953 1215 4032; baseline 0 -20"><span class='ocrx_word' id='word_1_299' title='bbox 312 3955 426 4012; x_wconf 87' lang='lat' dir='ltr'>Ineunt</span> <span class='ocrx_word' id='word_1_300' title='bbox 439 3954 526 4012; x_wconf 87' lang='lat' dir='ltr'>duces</span> <span class='ocrx_word' id='word_1_301' title='bbox 538 3974 660 4032; x_wconf 83' lang='lat' dir='ltr'>gregum</span> <span class='ocrx_word' id='word_1_302' title='bbox 673 3954 789 4012; x_wconf 90' lang='lat' dir='ltr'>lumina</span> <span class='ocrx_word' id='word_1_303' title='bbox 802 3953 978 4013; x_wconf 86' lang='lat' dir='ltr'>Bethlehem</span> <span class='ocrx_word' id='word_1_304' title='bbox 991 3971 1084 4030; x_wconf 89' lang='lat' dir='ltr'>usque</span> <span class='ocrx_word' id='word_1_305' title='bbox 1096 3953 1215 4030; x_wconf 83' lang='lat' dir='ltr'>praevia.</span> 
     </span>
     <span class='ocr_line' id='line_1_42' title="bbox 312 4034 943 4094; baseline -0.002 -1"><span class='ocrx_word' id='word_1_306' title='bbox 312 4035 473 4093; x_wconf 86' lang='lat' dir='ltr'>Invenitur</span> <span class='ocrx_word' id='word_1_307' title='bbox 485 4055 540 4093; x_wconf 86' lang='lat' dir='ltr'>rex</span> <span class='ocrx_word' id='word_1_308' title='bbox 553 4037 688 4094; x_wconf 85' lang='lat' dir='ltr'>caelorum</span> <span class='ocrx_word' id='word_1_309' title='bbox 704 4035 783 4093; x_wconf 90' lang='lat' dir='ltr'>inter</span> <span class='ocrx_word' id='word_1_310' title='bbox 796 4034 943 4093; x_wconf 85' lang='lat' dir='ltr'>animalia.</span> 
     </span>
     <span class='ocr_line' id='line_1_43' title="bbox 312 4115 1038 4194; baseline -0.001 -22"><span class='ocrx_word' id='word_1_311' title='bbox 312 4117 392 4173; x_wconf 87' lang='lat' dir='ltr'>Arte</span> <span class='ocrx_word' id='word_1_312' title='bbox 401 4116 481 4192; x_wconf 89' lang='lat' dir='ltr'>jacet</span> <span class='ocrx_word' id='word_1_313' title='bbox 493 4117 527 4174; x_wconf 92' lang='lat' dir='ltr'>in</span> <span class='ocrx_word' id='word_1_314' title='bbox 539 4117 662 4194; x_wconf 86' lang='lat' dir='ltr'>praesepi</span> <span class='ocrx_word' id='word_1_315' title='bbox 676 4117 745 4174; x_wconf 86' lang='lat' dir='ltr'>Rex</span> <span class='ocrx_word' id='word_1_316' title='bbox 758 4116 812 4192; x_wconf 89' lang='lat' dir='ltr'>qui</span> <span class='ocrx_word' id='word_1_317' title='bbox 825 4117 918 4192; x_wconf 87' lang='lat' dir='ltr'>cingit</span> <span class='ocrx_word' id='word_1_318' title='bbox 932 4115 1038 4172; x_wconf 85' lang='lat' dir='ltr'>omnia</span> 
     </span>
     <span class='ocr_line' id='line_1_44' title="bbox 313 4193 1092 4274; baseline -0.003 -19"><span class='ocrx_word' id='word_1_319' title='bbox 313 4196 407 4255; x_wconf 84' lang='lat' dir='ltr'>Stella</span> <span class='ocrx_word' id='word_1_320' title='bbox 419 4197 517 4269; x_wconf 86' lang='lat' dir='ltr'>maris,</span> <span class='ocrx_word' id='word_1_321' title='bbox 534 4216 621 4273; x_wconf 90' lang='lat' dir='ltr'>quem</span> <span class='ocrx_word' id='word_1_322' title='bbox 634 4203 670 4254; x_wconf 87' lang='lat' dir='ltr'>tu</span> <span class='ocrx_word' id='word_1_323' title='bbox 684 4197 771 4274; x_wconf 86' lang='lat' dir='ltr'>paris,</span> <span class='ocrx_word' id='word_1_324' title='bbox 786 4197 857 4255; x_wconf 88' lang='lat' dir='ltr'>colit</span> <span class='ocrx_word' id='word_1_325' title='bbox 870 4195 950 4254; x_wconf 76' lang='lat' dir='ltr'>haec*</span> <span class='ocrx_word' id='word_1_326' title='bbox 965 4193 1092 4255; x_wconf 84' lang='lat' dir='ltr'>ecclesia</span> 
     </span>
     <span class='ocr_line' id='line_1_45' title="bbox 312 4276 963 4355; baseline 0.003 -20"><span class='ocrx_word' id='word_1_327' title='bbox 312 4276 379 4353; x_wconf 90' lang='lat' dir='ltr'>Ipsi</span> <span class='ocrx_word' id='word_1_328' title='bbox 390 4283 491 4335; x_wconf 85' lang='lat' dir='ltr'>nostra</span> <span class='ocrx_word' id='word_1_329' title='bbox 504 4297 557 4355; x_wconf 89' lang='lat' dir='ltr'>per</span> <span class='ocrx_word' id='word_1_330' title='bbox 569 4283 600 4335; x_wconf 87' lang='lat' dir='ltr'>te</span> <span class='ocrx_word' id='word_1_331' title='bbox 613 4277 664 4354; x_wconf 90' lang='lat' dir='ltr'>pia</span> <span class='ocrx_word' id='word_1_332' title='bbox 676 4278 812 4354; x_wconf 87' lang='lat' dir='ltr'>placeant</span> <span class='ocrx_word' id='word_1_333' title='bbox 825 4278 945 4336; x_wconf 86' lang='lat' dir='ltr'>servitia</span> <span class='ocrx_word' id='word_1_334' title='bbox 957 4298 963 4337; x_wconf 94' lang='lat'>:</span> 
     </span>
     <span class='ocr_line' id='line_1_46' title="bbox 314 4358 758 4436; baseline 0 -20"><span class='ocrx_word' id='word_1_335' title='bbox 314 4358 467 4416; x_wconf 83' lang='lat' dir='ltr'>Resonant</span> <span class='ocrx_word' id='word_1_336' title='bbox 479 4364 587 4418; x_wconf 89' lang='lat' dir='ltr'>cuncta</span> <span class='ocrx_word' id='word_1_337' title='bbox 598 4358 758 4436; x_wconf 86' lang='lat' dir='ltr'>redempta.</span> 
     </span>
    </p>
   </div>
   <div class='ocr_carea' id='block_1_9' title="bbox 582 4510 1009 4569">
    <p class='ocr_par' dir='ltr' id='par_1_11' title="bbox 582 4510 1009 4569">
     <span class='ocr_line' id='line_1_47' title="bbox 582 4510 1009 4569; baseline 0 -11"><span class='ocrx_word' id='word_1_338' title='bbox 582 4513 596 4540; x_wconf 67' lang='lat'>⁸</span> <span class='ocrx_word' id='word_1_339' title='bbox 612 4511 707 4569; x_wconf 82' lang='lat' dir='ltr'>Sarum,</span> <span class='ocrx_word' id='word_1_340' title='bbox 716 4510 794 4569; x_wconf 82' lang='lat' dir='ltr'>hunc3</span> <span class='ocrx_word' id='word_1_341' title='bbox 813 4510 939 4569; x_wconf 87' lang='lat' dir='ltr'>Hereford‚</span> <span class='ocrx_word' id='word_1_342' title='bbox 949 4510 1009 4558; x_wconf 80' lang='lat' dir='ltr'>haec.</span> 
     </span>
    </p>
   </div>
   <div class='ocr_carea' id='block_1_10' title="bbox 0 0 1465 4986">
    <p class='ocr_par' dir='ltr' id='par_1_12' title="bbox 0 0 1465 4986">
     <span class='ocr_line' id='line_1_48' title="bbox 0 0 1465 4986; baseline 0 0"><span class='ocrx_word' id='word_1_343' title='bbox 0 0 1465 4986; x_wconf 95' lang='lat' dir='ltr'> </span> 
     </span>
    </p>
   </div>
  </div>
 </body>
</html>
