2918 4986
391 360 609 427 Hebdomada
623 359 668 424 io.
687 359 967 444 Quudropeeimoe.

143 529 276 589 Grodole.

139 611 260 682 Venite,
276 609 339 682 filii,
354 609 454 667 audite
468 629 533 666 me:
554 609 690 666 timorem
704 608 827 664 Domini
841 607 949 665 docebo
963 626 1023 665 vos.

85 693 113 752 V.
139 691 282 750 Accedite
295 690 332 747 ad
346 710 414 747 eum
428 697 458 747 et
471 689 699 746 illuminamini:
714 694 744 746 et
757 688 845 746 facies
855 695 960 746 vestroe
974 708 1035 746 non
1049 687 1275 747 confundentur.
1298 728 1301 732 -

138 772 285 830 Dominus
298 771 455 828 vobiscum.
500 771 633 828 Orcmus.

139 869 262 1019 &gista
284 968 458 1024 quaesumus,
478 949 663 1024 omnipotens
682 949 772 1019 Deus,
793 953 828 1004 ut
848 966 921 1023 quos
937 948 1052 1023 jejunia
1073 948 1174 1005 votiva
1194 949 1278 1005 easti-

78 1037 159 1107 gant,
175 1030 239 1106 ipsa
252 1049 367 1105 quoqne
378 1030 496 1087 devotio
506 1035 607 1087 sancta
620 1028 758 1100 laetificet,
768 1034 804 1084 ut
817 1029 943 1085 terrenis
957 1028 1110 1086 affectibus
1123 1029 1275 1105 mitigatis,

79 1111 192 1168 facilius
206 1110 332 1168 caelestia
345 1111 501 1185 capiamus.
544 1110 601 1167 Per
615 1110 785 1166 Dominum.

138 1207 234 1264 Lectio
245 1205 346 1264 Esaiae
359 1206 509 1281 Prophetes
522 1206 557 1283 (i.
576 1206 688 1284 16-19).

139 1301 214 1357 Haee
240 1300 312 1358 dicit
338 1299 484 1357 Dominus
511 1287 612 1371 Deus,¹
629 1299 793 1372 Lavamini,
819 1298 922 1356 mundi
950 1305 1042 1358 estote
1065 1320 1154 1374 usqam
1176 1301 1217 1357 od
1244 1301 1277 1358 si

79 1381 239 1453 volueritis,
269 1387 299 1438 et
326 1381 479 1438 audieritis
505 1400 561 1453 me,
590 1381 667 1439 bona
699 1387 783 1438 terrae
816 1379 982 1452 comedetis,
1020 1380 1092 1437 dicit
1128 1381 1275 1438 Dominus

81 1462 270 1538 omnipotens.

140 1557 273 1616 Grodole.

138 1639 232 1696 Beata
251 1658 330 1716 gens,
346 1640 429 1715 cujus
449 1644 493 1696 est
514 1639 660 1696 Dominus
681 1639 763 1695 Deus
783 1656 904 1695 eorum:
932 1638 1066 1715 populus,
1081 1657 1169 1714 quem
1188 1638 1276 1714 elegit

82 1718 232 1777 Dominus¹
240 1719 273 1776 in
285 1719 487 1777 hoereditatem
501 1719 564 1776 sibi.

87 1799 114 1858 V.
139 1800 242 1857 Verbo
264 1800 387 1868 Domini
408 1801 471 1857 caeli
492 1800 603 1857 firinati
624 1805 704 1872 sunt,
727 1805 757 1856 et
779 1799 885 1876 spiritu
906 1800 965 1856 oris
986 1801 1049 1875 ejus
1071 1798 1166 1857 omnis
1179 1799 1277 1858 virtus

82 1899 186 1938 eorum.

139 1962 270 2019 Tractus.
314 1961 450 2033 Domine,
465 1981 525 2019 non
539 1961 707 2019 secundum.

137 2041 303 2100 secondom
316 2040 343 2097 J
341 2042 482 2099 ohannem
496 2041 550 2119 (loo.
558 2043 652 2118 1-38).

137 2122 178 2180 In
190 2123 242 2180 illo
255 2128 395 2198 ternpore,
411 2122 588 2179 Praeterieris
601 2122 623 2180 J
624 2142 690 2180 esus
705 2123 781 2179 vidit
801 2122 950 2180 hominem
965 2143 1073 2180 coecum
1085 2143 1103 2180 a
1115 2123 1275 2181 nativitate

81 2223 167 2278 oeque
181 2205 222 2260 od
234 2204 280 2261 At
293 2203 343 2261 ille
356 2203 417 2261 ait:
439 2202 542 2275 Oredo,
559 2203 694 2261 Domine.
738 2205 779 2260 Et
792 2204 945 2279 procidens
959 2204 1093 2261 adoravit
1106 2224 1181 2262 eum.

139 2300 332 2375 Offertooium.

137 2382 315 2454 Benedicite,
337 2387 447 2458 gentes,
470 2382 633 2440 Dominum
656 2383 754 2441 Deum
771 2388 929 2440 nostrum:
959 2388 990 2439 et
1012 2382 1150 2440 obaudite
1174 2401 1276 2440 vocem

79 2461 172 2520 laudis
186 2463 256 2538 ejus,
272 2463 325 2538 qui
333 2463 433 2540 posuit
443 2463 572 2520 animam
585 2482 680 2520 meam
695 2464 733 2520 ad
748 2463 857 2521 vitam:
878 2471 909 2520 et
924 2483 983 2520 non
1000 2462 1082 2520 dedit
1096 2463 1274 2521 commoveri

79 2543 164 2618 pedes
177 2563 274 2600 meos:
295 2543 465 2601 benedictus
486 2544 642 2617 Dominus,
658 2545 709 2620 qui
729 2563 789 2601 non
803 2544 915 2601 amovit
933 2544 1167 2619 deprecationem
1181 2563 1277 2601 meam

79 2628 108 2680 et
120 2624 347 2681 misericordiam
365 2643 448 2681 suam
461 2644 480 2682 a
492 2644 547 2682 me.

137 2703 258 2762 Secreta.

134 2784 286 2861 Supplices
313 2791 344 2843 tc
370 2805 516 2862 rogamus,
537 2787 723 2862 omnipotens
746 2786 837 2857 Deus,
852 2790 889 2841 ut
911 2785 957 2841 his
981 2785 1130 2841 sacrifieiis
1154 2791 1273 2861 peccata

77 2870 176 2923 nostra
192 2866 374 2924 mundentur
383 2886 390 2937 ;
411 2868 481 2942 quia
498 2876 571 2923 tunc
588 2866 673 2923 nobis
688 2885 787 2923 veram
805 2865 912 2922 tribuis
930 2871 961 2922 et
979 2866 1087 2922 mentis
1100 2870 1131 2922 et
1144 2867 1274 2940 eorporis
1350 2931 1353 2938 q

80 2945 243 3004 sanitatem.
286 2946 346 3004 Per
356 2947 527 3004 Dominum.

138 3041 335 3181 gbliiiiiuibbit
348 3131 482 3201 exsputo
493 3125 648 3196 Dominus,
660 3122 907 3180 etlinivitoculos
920 3141 1017 3179 meos:
1037 3128 1068 3179 et
1081 3121 1151 3195 abii,
1162 3128 1192 3179 et
1205 3121 1275 3194 lavi,

82 3208 109 3260 et
122 3203 195 3274 vidi,
207 3211 239 3262 et
252 3204 363 3261 credidi
376 3205 448 3263 Deo.

138 3296 379 3355 Poatcmrtmuorb.

139 3375 328 3435 Sacramenta
341 3397 405 3454 quae
417 3379 603 3454 sumpsimus,
619 3378 747 3436 Domine
762 3379 843 3442 Deus
856 3383 965 3449 noster,
981 3381 1010 3434 et
1024 3377 1206 3454 spiritalibus
1219 3397 1273 3435 nos

82 3457 209 3534 repleant
233 3457 386 3532 alimentis,
414 3464 444 3516 et
468 3460 667 3536 corporalibus
687 3465 829 3516 tueantur
851 3459 977 3516 auxiliis.
1029 3458 1087 3516 Per
1101 3459 1272 3516 Dominum.

137 3554 232 3632 Semer
240 3557 392 3633 populum.

137 3635 265 3694 Pateant
279 3657 363 3695 aures
375 3637 581 3696 misericordiae
595 3645 662 3710 tuae,
678 3639 814 3711 Domine,
831 3639 966 3715 precibus
979 3629 1225 3715 supplicantium,
1246 3644 1278 3696 et

82 3717 466 3855 {Zpeffiffilgrlllslplesiderata
476 3720 624 3790 concedas,
635 3720 680 3776 fac
691 3739 748 3793 coe,
761 3739 826 3796 quae
840 3720 897 3777 tibi
911 3725 981 3777 sunt
992 3719 1109 3796 placita,
1119 3719 1274 3796 postulare.

549 3973 649 4030 Fumi
671 3972 801 4042 Qururs.

140 4075 280 4151 Officimo.

138 4155 271 4216 Laetetur
284 4178 334 4216 cor
346 4160 541 4235 quaerentium
560 4160 741 4216 Dominum:
763 4159 886 4236 quaerite
900 4158 1073 4231 Dominum,
1085 4164 1115 4216 et
1128 4157 1285 4215 confirma·

82 4236 169 4294 mini:
190 4240 313 4315 quaerite
327 4239 431 4298 faciem
445 4241 508 4315 ejus
522 4259 642 4316 semper.

138 4317 283 4378 Psalmue.

40 4433 42 4438 .
138 4397 330 4458 Oonfitemini
339 4400 477 4474 Domino,
490 4406 521 4460 et
533 4401 668 4459 invocate
678 4418 786 4458 nomen
797 4401 860 4476 ejus
872 4421 878 4459 :
899 4400 1076 4459 annuntiate
1087 4398 1167 4455 inter
1176 4403 1279 4475 gentes

82 4493 165 4553 opera
177 4481 250 4557 ejus:
