2886 4994
545 390 633 458 Ordo
654 390 777 458 Missa.
1200 400 1263 463 169

119 558 137 589 ⁴*
148 559 188 618 Ut
198 559 312 618 evidens
321 558 461 617 iubeatur
473 567 499 616 et
507 557 598 634 plena
611 559 742 634 eopnitiu
752 560 876 635 qualiter
889 561 1032 620 orationes
1044 581 1118 638 qvos
1127 562 1266 623 Cotteotas

57 661 194 701 vocamus
216 640 407 698 terminanda
427 647 497 697 sunt
504 661 517 709 ,·
540 639 641 715 primo
656 642 820 700 noturrdmn
833 651 880 714 est,
896 643 974 717 quod
994 645 1028 700 in
1040 644 1080 702 eis
1094 645 1266 720 qnoredoque

57 723 201 798 dim'pitm
213 741 305 780 semro
319 721 359 780 od
367 721 496 792 Patrem,
507 720 680 796 quandoque
693 722 735 779 ad
742 722 867 797 Filium,
882 725 1054 799 qnoredoque
1067 725 1109 783 ud
1120 725 1266 801 Spiritum

57 803 209 875 Sanctum,
221 802 394 878 quandoque
406 801 448 858 ad
460 810 551 859 totam
562 801 743 859 Trinitatem.
774 803 833 862 Sed
844 805 962 879 quando
972 806 1014 863 ad
1022 806 1149 880 Patrem,
1160 806 1266 865 iterum

57 883 303 945 coresideroaedum
327 891 374 954 est,
398 891 501 940 utrum
527 882 572 939 ita
597 882 747 958 diripctur
772 904 863 942 sermo
891 887 931 943 ad
952 886 1080 958 Patrem,
1109 889 1187 962 quod
1205 891 1266 964 βαι

56 967 165 1025 mentio
185 966 221 1024 de
238 965 317 1022 Filio
335 973 361 1021 et
381 963 498 1039 Spiritu
519 961 633 1035 Sancto,
655 963 700 1021 vel
718 984 798 1024 non:
829 974 855 1023 et
876 967 903 1023 si
923 967 958 1024 in
981 966 1125 1040 Oratione,
1140 988 1205 1043 qnos
1224 969 1266 1026 ad

57 1048 181 1105 Patrem
194 1045 342 1120 diripitur,
355 1047 414 1120 fiat
427 1042 534 1102 mentio
547 1045 582 1102 de
597 1044 683 1115 Filio,
698 1044 785 1119 refert
799 1066 841 1104 an
851 1045 913 1121 flat
926 1056 993 1105 ante
1005 1049 1130 1124 pineum
1139 1057 1263 1125 partem,

58 1149 101 1186 an
114 1129 149 1185 in
162 1128 225 1203 ipso
238 1130 323 1203 fine,·
347 1135 373 1184 et
393 1126 551 1183 seeundum
572 1124 626 1183 leus
643 1125 821 1184 diversitates
833 1128 999 1186 variabitur
1011 1128 1095 1204 finis.
1148 1128 1184 1188 Si
1195 1151 1265 1188 vero

58 1209 202 1284 diripitur
215 1227 305 1266 sermo
319 1207 361 1264 ad
381 1207 501 1264 Patrem
522 1206 627 1282 absque
644 1206 786 1264 vverdione
803 1208 879 1265 Ililii
900 1217 926 1266 et
946 1208 1077 1285 Spiritus
1098 1209 1209 1284 Sancti,
1224 1212 1266 1270 sic

49 1290 199 1366 finiemus
224 1288 283 1346 Pcr
306 1288 469 1346 Dominum
490 1291 627 1344 nostrum
646 1287 668 1345 J
670 1307 752 1344 esum
775 1288 927 1347 Christum
949 1290 1061 1349 Filium
1086 1297 1182 1364 tuum,
1212 1293 1266 1370 qui

55 1377 157 1429 tecum
167 1369 245 1427 vivit
259 1375 289 1427 et
302 1376 416 1446 regnat,
427 1369 461 1425 in
480 1368 597 1426 unitate
617 1368 744 1444 Spiritus
758 1369 861 1427 Sancti
882 1371 964 1428 Deus
977 1390 1030 1447 per
1043 1373 1142 1429 omnia
1156 1373 1263 1430 soeculo

57 1451 232 1510 soeculorum
242 1469 252 1524 3
271 1459 307 1508 ut
327 1450 381 1520 hic,
396 1450 478 1506 Deus
492 1449 545 1526 qui
565 1449 641 1506 miro
663 1449 765 1507 ordine
786 1451 972 1528 Angelorum
985 1453 1042 1511 sive
1065 1453 1197 1511 Concede
1211 1473 1265 1511 nos

57 1533 192 1591 famulos.
247 1530 283 1590 Si
303 1551 367 1590 vero
390 1530 425 1588 de
446 1529 563 1606 Spiritu
583 1528 689 1588 Sancto
708 1534 767 1605 fiet
788 1532 902 1604 mentio,
924 1532 1055 1591 dudm:
1082 1533 1122 1592 In
1147 1534 1265 1592 unitate

58 1613 191 1690 ejusdem
205 1612 334 1688 Spiritus
339 1612 446 1669 Sancti
459 1612 541 1668 Deus
546 1631 556 1683 3
575 1619 610 1669 ut
623 1611 670 1669 lsie
683 1611 765 1669 Deus
779 1612 831 1688 qui
844 1613 931 1670 corda
941 1613 1081 1672 fidelium.
1125 1613 1190 1672 Ure
1200 1615 1264 1692 igni

60 1693 165 1752 Sancti
184 1693 313 1771 Spiritus
332 1712 424 1750 renes.
467 1690 502 1750 Si
521 1712 585 1750 vero
605 1693 640 1750 de
653 1692 733 1750 Filio
741 1695 802 1767 βει
815 1695 921 1752 mentio
934 1703 1001 1752 ante
1007 1695 1131 1770 finalem
1137 1704 1263 1771 portem,

59 1776 194 1834 dicetur:
222 1775 281 1832 Per
298 1774 423 1832 eundem
444 1772 608 1830 Dominum
627 1778 763 1831 nostrum
782 1773 805 1831 J
806 1794 888 1832 esum
907 1775 1059 1833 Christum
1077 1775 1188 1834 Filium
1197 1796 1207 1849 ;
1230 1774 1280 1834 εει

59 1857 116 1930 bie,
131 1856 214 1913 Deus
227 1855 279 1931 qui
296 1855 333 1912 dc
352 1856 447 1912 bectae
461 1853 565 1910 Mariae
579 1853 723 1930 Virginis.
772 1854 895 1932 Largire
914 1856 1009 1928 nobis,
1030 1857 1262 1915 clementissime.

59 1937 95 1997 Si
108 1956 173 1995 vero
186 1937 221 1994 in
226 1940 290 2011 fine
305 1933 360 2016 [vel
372 1935 449 1994 eirea
454 1934 655 2010 finem—MS.
666 1932 708 2015 D]
716 1937 776 2010 βει
789 1937 895 1994 mentio
908 1936 943 1995 de
953 1937 1040 2011 Filio,
1055 1937 1185 1998 dicetur:
1204 1938 1265 2008 Qui

58 2025 159 2077 tecum
172 2018 250 2074 vivit
263 2023 294 2074 et
306 2022 430 2094 regnat3
450 2024 484 2072 ut
499 2023 592 2091 potest
612 2016 707 2074 uideri
727 2016 762 2073 in
779 2015 916 2076 Oratione
934 2017 968 2076 de
987 2027 1086 2078 sarecto
1109 2017 1262 2096 Stephano,

60 2099 144 2175 evvjves
150 2099 226 2174 finis
240 2097 307 2156 talis
320 2107 369 2168 est,
379 2097 439 2167 Qui
449 2097 534 2154 novit
548 2097 637 2155 etism
652 2117 705 2174 pro
719 2099 955 2173 persecutoribus
965 2119 1087 2158 exomrc
1100 2101 1264 2158 Dominum

59 2186 195 2238 nostrum
209 2179 232 2237 J
233 2199 314 2236 esum
336 2178 488 2235 Christum
509 2177 621 2235 Filium
640 2184 735 2251 tuum,
759 2179 819 2248 Qui
837 2185 935 2238 tecum
955 2181 1033 2239 vivit
1053 2188 1084 2240 et
1103 2188 1216 2258 regnat,
1239 2189 1265 2240 et

59 2270 157 2320 cetura.
187 2259 262 2319 Item
276 2261 330 2324 tin
341 2258 477 2318 Oratione
487 2259 570 2316 Deus
583 2259 636 2335 qui
649 2259 752 2317 salutis
765 2265 913 2326 aeternetur
945 2261 982 2321 Si
994 2270 1091 2321 autem
1101 2263 1143 2320 ad
1151 2263 1265 2321 Filium

59 2343 209 2417 dimpotm
231 2341 331 2400 Oratio
351 2341 414 2398 sine
434 2340 576 2398 numum
593 2340 724 2416 Spiritus
742 2340 852 2414 Sancti,
875 2351 908 2400 vt
929 2343 983 2416 lsic,
1007 2343 1116 2402 Excitu
1136 2343 1264 2402 Domine

58 2423 225 2501 potentium
245 2428 330 2480 tuam
354 2427 385 2479 ct
404 2421 482 2494 veni,
502 2428 528 2479 et
548 2421 683 2480 similiter
705 2422 740 2479 in
766 2423 835 2480 aliis
863 2422 1051 2482 Orationibus
1070 2425 1105 2483 de
1127 2424 1265 2484 Adventu

59 2503 193 2575 Domini,
221 2504 353 2562 dicetur:
380 2502 442 2572 Qui
467 2501 544 2560 vivis
571 2508 602 2559 et
629 2522 734 2580 regnas
761 2522 829 2560 cum
850 2504 915 2562 Deo
934 2505 1033 2564 Putre.
1084 2506 1124 2564 In
1147 2506 1264 2564 unitate

60 2586 191 2662 Spiritus
207 2584 308 2642 Sancti
328 2584 418 2642 Deus.
460 2583 517 2659 ssSi
529 2586 590 2657 fiat
609 2583 716 2641 mentio
729 2583 764 2641 de
784 2584 901 2660 Spiritu
920 2584 1036 2658 Sancto,
1051 2587 1183 2646 dicetur:
1204 2587 1264 2657 Qui

59 2686 129 2725 cum
149 2665 240 2724 Patre
260 2671 290 2723 et
310 2666 412 2723 eodem
430 2663 545 2740 Spiritu
563 2663 671 2721 Sancto
691 2664 769 2721 vivis
789 2672 820 2723 et
840 2684 952 2742 regnas,
976 2675 1002 2724 et
1023 2667 1139 2743 cetero.‡
1188 2665 1264 2725 Item

62 2747 213 2806 Orationes
238 2747 280 2805 nd
305 2746 433 2819 Patrem,
462 2745 497 2802 in
522 2744 628 2819 quibus
649 2745 821 2803 mentionem
838 2745 873 2803 de
894 2745 1038 2805 Trinitute
1056 2747 1198 2822 facimus,
1223 2748 1265 2806 sie

59 2828 278 2888 concludimus:
305 2827 345 2884 In
365 2845 424 2903 que
443 2824 521 2883 vivis
541 2830 572 2882 et
592 2844 697 2901 regnas
719 2826 801 2884 Deus
811 2846 821 2900 ,-
842 2826 916 2884 sicut
932 2827 967 2885 in
986 2827 1047 2885 illis
1066 2827 1262 2900 Orationibus,

60 2909 257 2986 Omnipotens
290 2909 468 2984 sempiterne
495 2905 577 2964 Deus
606 2905 660 2982 qui
692 2906 800 2964 dedisti
829 2906 922 2965 nobis.
983 2908 1132 2985 Populum
1165 2914 1261 2981 tuum,

59 2990 197 3049 Domine.
246 2987 269 3047 I
268 2989 324 3047 tlon
337 2998 434 3046 autem
447 3006 522 3063 petas
539 2986 582 3044 ad
599 2987 696 3063 ipsvm
711 2987 885 3046 Trinitatem
898 2988 1055 3064 diripimus
1071 2989 1113 3047 sio
1125 2989 1262 3064 finimus,

60 3072 121 3142 Qui
134 3071 211 3128 vivis
224 3076 255 3129 et
267 3089 372 3148 regnas
386 3069 468 3127 Deus
474 3089 483 3141 5
503 3077 536 3124 ut
546 3068 600 3142 lvio,
612 3068 731 3126 Placeat
742 3068 800 3126 tibi
814 3068 922 3127 Sancta
935 3069 1066 3127 Trinitas
1080 3070 1261 3146 obsequium.

120 3150 288 3211 Secundum
309 3161 407 3209 autem
428 3149 595 3208 Bovianum
616 3149 760 3208 secusiam
780 3149 896 3208 nnllam
921 3149 1088 3209 Oratimem
1112 3171 1178 3210 cum
1205 3150 1264 3209 Per

59 3254 129 3292 eum
143 3234 195 3309 qui
206 3238 351 3290 venturus
364 3237 410 3289 est
420 3231 554 3308 judicare
569 3230 775 3303 concludimus,
790 3231 851 3289 nisi
863 3233 982 3306 quando
987 3234 1029 3307 fit
1044 3231 1218 3291 eumcumus
1230 3232 1264 3289 in
1336 3282 1339 3287 .

58 3335 116 3391 quo
138 3314 286 3372 diabvimn
301 3333 357 3390 per
377 3313 512 3370 divinum
524 3311 675 3386 judicium
688 3320 722 3368 ut
739 3333 759 3369 a
779 3321 914 3371 creature
932 3313 990 3371 Dei
1010 3314 1122 3372 recedat
1145 3313 1265 3372 evorein

58 3415 153 3454 amus.
189 3395 271 3453 Nam
284 3395 318 3453 in
331 3393 399 3452 aliis
415 3393 610 3465 Orationibus,
625 3412 699 3468 quas
719 3413 785 3451 oum
799 3393 859 3452 Per
871 3393 1036 3452 Dominum
1055 3394 1262 3467 eorecludnnvs,

58 3478 180 3536 Patrem
192 3485 227 3534 ut
234 3495 289 3552 per
303 3494 429 3533 sonorem
442 3473 517 3531 Filii
530 3474 612 3532 nobis
625 3474 773 3533 subveniat
790 3474 988 3551 impioramus.
1031 3473 1073 3534 In
1085 3475 1264 3534 Enoreismis

58 3568 157 3616 numm
183 3557 332 3616 diabolum
352 3575 408 3632 per
435 3555 492 3612 Dei
514 3554 673 3631 judicium,
698 3565 733 3613 ut
759 3555 906 3631 oufupint,
929 3556 1121 3633 increpamus,
1146 3556 1180 3613 in
1207 3577 1264 3633 quo

50 3639 169 3716 judicio
192 3638 245 3697 scit
268 3658 296 3696 se
318 3636 451 3695 diabolus
472 3635 669 3712 potentissime
696 3638 910 3711 damnandnm,
934 3637 1017 3716 cerpus
1038 3637 1138 3698 timore
1150 3637 1264 3715 judicii

58 3720 230 3779 concutitur.
276 3715 377 3799 [Unde
397 3737 503 3790 versus,

120 3817 180 3876 Per
193 3816 357 3874 Dominum
369 3815 459 3888 duos,
474 3834 541 3873 enm
553 3814 674 3873 Panem
687 3815 839 3890 Presbyter
852 3835 939 3887 oros,·

119 3911 273 3987 Principio
286 3908 402 3967 Natum
414 3926 584 3979 numerans,
592 3910 686 3983 finem
699 3907 759 3966 Per
779 3907 912 3966 cundem.

118 4009 155 4068 Si
168 4010 245 4068 eirea
251 4011 352 4084 finem,
368 4005 429 4077 Qui
441 4011 540 4063 tecum
553 4003 646 4063 dicere
659 4005 746 4063 debes.

121 4106 196 4169 Cum
211 4102 327 4168 Christo
341 4104 473 4180 loqueris,
489 4101 550 4173 Qui
562 4102 640 4160 vivis
653 4122 721 4162 cum
735 4103 826 4162 Patre
839 4104 921 4163 dicis.

118 4255 132 4280 ¹*
148 4253 201 4299 MS.
213 4253 235 4298 E
250 4253 321 4299 omits
330 4251 379 4298 this
389 4249 473 4296 rubrio
482 4248 530 4294 und
540 4261 598 4307 goos
608 4262 640 4294 on
649 4249 712 4294 Dum
721 4249 803 4309 lepitvr
812 4250 925 4309 Epistola,
936 4251 983 4310 stc,
992 4265 1015 4310 p.
1027 4248 1077 4294 170.

148 4313 202 4358 MS.
214 4311 300 4356 D.-in
312 4310 420 4358 Oratione
431 4309 588 4366 Omnipotens
598 4308 743 4366 sempiterne
753 4309 828 4368 Deus,
840 4309 918 4366 dirige
928 4313 1002 4357 actus.

118 4314 169 4433 iu·
184 4370 300 4431 diripotm·
311 4369 391 4416 Oratio
406 4368 439 4413 ad
446 4367 532 4414 Filium
546 4380 596 4412 cum
609 4367 718 4413 mentione
727 4367 826 4426 Spiritus
835 4369 917 4416 Sancti
927 4368 1019 4423 dicetur,
1030 4363 1078 4416 Qui
1088 4376 1143 4408 cum
1153 4363 1225 4408 Putre
1235 4367 1261 4410 et

55 4432 141 4479 eodem
157 4430 252 4488 Spiritu
268 4429 356 4475 Sancto
365 4429 432 4474 rivis
446 4429 472 4472 et
485 4438 573 4484 regnes
588 4425 655 4472 Deus
670 4439 713 4484 per
728 4427 814 4486 omnis,
827 4432 848 4472 et
862 4432 951 4482 eetero,·
965 4431 990 4470 ut
995 4428 1070 4484 potest
1079 4421 1153 4469 videri
1162 4421 1187 4468 in
1199 4422 1260 4468 Ora·

55 4493 117 4538 Sorte
131 4490 199 4550 infra
216 4487 421 4594 Conmerlpsttsssae
434 4485 518 4534 retinet
532 4484 636 4531 Domino
648 4485 710 4532 Jesu
725 4485 820 4532 Christe
835 4485 883 4532 Fili
898 4484 945 4531 Dei
955 4483 1016 4543 vivi,
1033 4481 1121 4541 quiex
1135 4480 1260 4528 voluntate

56 4549 146 4611 Petris,
159 4554 181 4596 et
190 4553 304 4594 oetern-
350 4579 357 4592 .
392 4580 398 4592 .
