2918 4986
335 397 336 401 =
362 353 458 418 Dora.
482 374 533 418 aa.
553 361 629 439 post
653 353 790 420 Octavus
811 353 1021 420 Pentecosten
1234 357 1298 426 247
1382 384 1388 401 ·

272 580 434 638 Dourruea
453 579 611 637 Vrossrua
631 594 703 637 rosr
724 580 866 638 Ocravas
886 579 1106 639 Pssrncosrns.

154 700 294 777 Officium.

153 783 263 840 Omnia
276 803 342 860 quae
355 783 453 840 fecisti
466 782 560 852 nobis,
576 782 714 854 Domine,
729 783 762 840 in
776 802 846 841 vero
855 783 970 860 judicic
984 783 1098 842 fecisti:
1119 784 1189 860 quia
1203 803 1302 861 pecca-

92 866 191 922 vimus
205 864 270 936 tibi,
282 871 313 922 et
327 864 474 921 mandatis
484 864 546 922 tuis
559 883 620 920 non
634 864 835 922 obedivimus:
857 865 907 923 sed
918 865 956 923 da
969 865 1093 942 gloriam
1108 866 1223 923 nomini
1236 861 1299 938 tuo,=

94 951 124 1004 et
137 945 184 1003 fac
198 945 350 1002 nobiscum
363 945 525 1003 secundum
539 945 763 1002 multitudinem
776 944 985 1003 misericordiae
999 953 1067 1004 tuae.

156 1041 301 1100 Psalmus.

155 1122 286 1199 Magnus
295 1123 443 1181 Dominus
457 1130 487 1181 et
501 1123 658 1181 laudabilis
668 1124 758 1181 nimis
769 1145 776 1182 ε
789 1123 822 1180 in
836 1123 959 1182 civitate
969 1124 1029 1183 Dei
1043 1125 1146 1196 nostri,
1158 1125 1192 1182 in
1201 1129 1302 1182 monte

96 1211 197 1262 sancto
211 1205 282 1280 ejus.

159 1299 270 1362 Oratio

159 1383 353 1458 Omnipotens
373 1388 404 1441 ct
423 1382 587 1441 misericors
609 1383 699 1453 Deus,
724 1383 863 1440 universa
884 1382 970 1441 nobis
995 1382 1183 1441 adversantia
1207 1384 1304 1460 propi-

99 1463 191 1521 tiatus
215 1462 355 1536 exclude3
385 1470 419 1520 ut
443 1472 542 1522 mente
570 1472 600 1521 et
628 1483 747 1541 corpore
774 1464 886 1541 pariter
908 1464 1049 1541 expediti,
1065 1483 1132 1542 quse
1155 1470 1210 1523 tua
1233 1470 1304 1522 sunt

98 1544 198 1602 liberis
212 1545 361 1603 mentibus
375 1564 577 1620 exsequamur.
621 1544 687 1604 Per.

160 1640 209 1698 Ad
222 1641 362 1718 Ephesios
374 1640 416 1719 (u.
432 1641 545 1720 15-21).

159 1723 297 1780 Fratres:
318 1723 596 1800 Videte,'quomcdo
609 1729 695 1781 caute
709 1722 867 1781 ambuletis
877 1743 967 1798 usquc
981 1724 1022 1781 od
1036 1723 1162 1799 subjecti
1175 1722 1310 1785 invicem:

101 1804 134 1860 in
147 1802 253 1861 timore
268 1803 388 1862 Christi.

165 1900 299 1962 &redula

163 1983 250 2041 Oculi
273 1982 405 2040 omnium
428 1982 461 2038 in
488 1988 519 2040 te
539 1975 667 2059 sperant,
695 1982 842 2042 Domine:
871 1988 903 2040 et
926 1989 962 2040 tu
986 1983 1038 2040 das
1065 1982 1125 2040 illis
1153 2001 1248 2040 escam
1274 1981 1309 2038 in

104 2070 235 2140 tempore
249 2069 424 2141 opportuno.

171 2145 199 2203 V.
226 2145 335 2222 Aperis
347 2150 384 2202 tu
397 2164 518 2202 manum
532 2150 634 2203 tuam:
655 2151 686 2202 et
699 2144 805 2221 imples
819 2164 906 2203 omne
919 2143 1031 2202 animal
1045 2143 1257 2202 benedictione.

164 2226 312 2302 Alleluya.
361 2227 390 2285 V.
413 2225 547 2283 Laudato
561 2225 733 2298 Dominum,
750 2246 851 2284 omnes
864 2232 982 2303 gentes:
1004 2232 1036 2284 et
1052 2224 1217 2284 collaudate
1230 2243 1308 2304 eum,

108 2327 207 2366 omnes
220 2307 330 2383 populi.
632 2354 638 2362 .

166 2404 333 2463 Secundam
347 2401 522 2462 Mottltoeum
542 2404 629 2481 (sccii.
649 2404 716 2461 1-14
718 2406 742 2480 ).

168 2486 207 2543 In
227 2485 279 2542 illo
298 2491 439 2561 tempore,
456 2485 646 2561 Loquebatur
659 2485 681 2542 J
682 2504 748 2541 esus
767 2504 834 2542 cum
848 2484 1001 2561 discipulis
1022 2486 1082 2542 suis
1102 2486 1136 2542 in
1155 2483 1311 2562 parabolis,
1383 2481 1386 2488 '

109 2566 222 2638 dicens3
244 2565 346 2623 Simile
359 2567 472 2623 factum
485 2571 530 2622 est
543 2585 667 2642 regnum
681 2564 819 2622 caelorum
832 2564 948 2621 homini
962 2564 1033 2642 regi,
1046 2565 1099 2641 qui
1111 2566 1182 2623 fecit
1192 2565 1312 2641 nuptias
1416 2558 1419 2563 ⁴

110 2649 170 2705 tilio
183 2666 236 2704 suo
255 2667 347 2722 usque
360 2649 401 2704 ad
422 2646 516 2703 Multi
529 2648 607 2704 enim
623 2653 694 2704 sunt
707 2646 815 2718 vocati,
830 2646 918 2722 pauci
931 2664 1002 2702 vero
1015 2644 1109 2704 electi.

171 2743 364 2818 Offcrtorium.

169 2825 264 2902 Super
283 2825 408 2883 flumina
422 2825 591 2902 Babylonis,
607 2824 669 2883 illic
690 2824 818 2884 sedimus
839 2829 869 2882 et
890 2822 1042 2881 flevimus:
1064 2823 1136 2882 dum
1152 2822 1317 2881 recordare-

114 2926 180 2965 mur
192 2907 247 2980 tui,
264 2906 344 2964 Sion.

172 3004 293 3063 Secreto.

172 3086 246 3144 Haec
262 3105 393 3158 munera,
410 3105 587 3162 quaesumus,
603 3084 741 3154 Domine,
756 3104 821 3160 quae
843 3083 936 3141 oculis
955 3089 1015 3141 tuse
1037 3083 1202 3159 majestatis
1222 3082 1318 3140 offeri-

113 3187 186 3238 mus,
201 3167 344 3225 salutaria
357 3186 419 3225 esse
433 3167 519 3224 nobis
533 3167 667 3224 concede.
710 3165 776 3224 Per.

177 3263 359 3323 demorante.

174 3346 327 3404 Memento
347 3346 430 3404 verbi
451 3344 498 3404 tui
518 3359 603 3403 servo
623 3350 686 3415 tuo,
702 3343 837 3416 Domine,
860 3343 893 3400 in
914 3363 972 3420 quo
993 3342 1068 3400 mihi
1088 3360 1170 3418 spem
1190 3340 1319 3400 dedisti:

10 3448 12 3450 ’
116 3427 178 3485 haee
191 3448 238 3485 me
251 3427 401 3485 consolata
416 3434 461 3485 est
474 3427 506 3483 in
519 3425 691 3484 humilitate
704 3445 778 3485 mea.

177 3523 418 3582 Postcommnnio.

178 3604 241 3661 Tua
261 3624 324 3677 nos,
342 3604 479 3674 Domino,
501 3603 684 3661 medicinalis
705 3603 844 3680 operatio,
860 3609 891 3660 et
909 3622 928 3659 a
947 3603 1057 3659 nostris
1077 3600 1321 3677 perversitatibus

118 3686 274 3744 clementer
287 3685 434 3762 expediat,
450 3691 480 3742 et
493 3686 555 3742 tuis
567 3685 657 3743 faciat
671 3703 786 3760 semper
798 3683 942 3742 inhaerere
956 3682 1111 3741 mandatis.
1155 3682 1222 3774 Der.

588 3909 690 3968 Fnsla
711 3911 850 3980 Quaere.

180 4048 507 4108 resuscitationes
526 4048 563 4127 (2
584 4049 628 4106 iii.
646 4049 747 4126 6-13).

181 4129 319 4190 Fratres:
352 4130 572 4188 Denuntiamus
597 4130 681 4187 vobis
705 4130 738 4187 in
761 4129 880 4188 nomine
905 4150 997 4207 ¹usque
1020 4129 1062 4187 ad
1083 4127 1177 4186 nolite
1201 4126 1325 4185 deficere

120 4212 345 4283 benefacientes,
360 4212 399 4269 In
414 4211 533 4269 Christo
546 4211 621 4268 Jesu
636 4210 766 4268 Domino
780 4216 889 4269 nostro.

182 4317 351 4376 Secundum
364 4316 478 4374 Lucum
492 4315 566 4393 (xiv,
586 4315 699 4394 12-15).

184 4399 223 4455 ln
236 4399 289 4456 illo
309 4405 449 4474 tempore,
464 4398 591 4455 Dicebat
604 4397 625 4455 J
628 4417 693 4454 esus
714 4397 831 4454 cuidam
851 4396 979 4474 principi
993 4395 1230 4454 Pharisaeorum:
1253 4393 1329 4451 Cum

121 4480 195 4541 facis
208 4478 367 4556 prandium
381 4499 470 4554 usque
485 4480 525 4537 ad
538 4498 645 4553 panem
659 4479 692 4552 in
705 4497 796 4555 regno
811 4478 877 4537 Dei.
