2886 4994
152 380 199 449 rs·
463 379 1038 466 nemesaeaeveuaowpmmoe.

151 545 324 605 versationis
358 555 549 624 augmentum
583 554 613 606 et
648 554 707 606 tuae
744 547 964 626 propitiationis
997 547 1173 605 continuum
1207 554 1351 625 praestent

150 627 303 686 auxilium.
360 628 419 685 Per·
440 628 609 686 Dominum.

211 707 305 765 lectio
326 708 394 765 libri
414 709 512 767 Esodi
531 709 637 786 (mxcii.
662 710 756 788 ἰ’-14).

211 787 249 845 In
263 788 365 846 diebus
379 790 447 861 illis,
463 791 593 848 Locutus
607 796 652 848 est
673 790 820 848 Dominus
841 791 880 848 ad
901 790 1035 864 Moysen,
1051 790 1168 847 dicens:
1197 789 1351 848 Descende

150 868 185 926 de
198 875 307 940 monte,
323 871 393 946 quia
412 873 544 947 peccavit
563 870 689 947 populus
711 878 788 939 tuus,
807 891 894 947 quem
915 871 1046 927 eduxisti
1068 871 1104 927 de
1128 877 1209 927 terra
1222 871 1352 947 AEgypti

84 1006 89 1020 ,
149 968 238 1024 resque
252 951 293 1006 od
306 951 495 1027 placatusque
508 959 554 1009 est
564 952 719 1023 Dominus,
731 971 769 1008 ne
783 947 891 1009 faceret
905 951 1015 1008 malum
1030 951 1109 1027 quod
1122 951 1240 1008 loentus
1252 953 1351 1010 fuerat

149 1035 250 1087 contra
265 1032 407 1106 populum
420 1052 504 1090 suum
516 1053 525 1105 ;
545 1039 577 1090 et
590 1033 727 1089 misertus
741 1038 785 1089 est
798 1033 907 1109 populo
921 1052 974 1089 suo
985 1033 1132 1090 Dominus
1142 1032 1226 1090 Deus
1239 1040 1347 1091 noster.

212 1110 345 1169 Gradole.

209 1191 337 1269 Exurge,
361 1191 498 1269 Domine,
521 1193 566 1252 fer
589 1213 673 1270 opem
697 1193 801 1251 nobis:
837 1200 867 1251 et
894 1194 988 1251 libera
1013 1213 1068 1250 nos
1094 1200 1215 1270 propter
1242 1213 1351 1252 nomen

148 1276 242 1329 tuum.

154 1350 183 1410 Γ.
210 1351 301 1426 Deus,
328 1355 448 1413 auribus
474 1357 583 1413 uostris
610 1355 798 1414 audivimus:
841 1361 938 1432 patres
968 1355 1063 1411 nostri
1093 1355 1349 1412 annuntiaverunt

148 1434 233 1491 nobis
247 1455 327 1511 opus,
343 1436 421 1512 quod
435 1444 572 1512 operatus
587 1457 616 1493 es
630 1437 662 1493 in
676 1436 778 1494 diebus
792 1456 901 1509 eorum,
918 1437 993 1493 etin
1007 1436 1110 1493 diebus
1123 1436 1262 1512 antiquis.

207 1515 373 1574 Secundum
393 1516 559 1575 Jolranmm
577 1517 643 1594 (vii.
661 1518 774 1593 14-31).

208 1595 248 1653 In
260 1597 313 1654 illo
328 1605 466 1674 tempore,
481 1599 502 1656 J
504 1619 552 1655 am
567 1598 614 1656 die
630 1598 705 1654 festo
722 1598 879 1668 mediante,
893 1596 1024 1654 ascendit
1037 1598 1059 1655 J
1061 1617 1125 1655 esus
1142 1597 1175 1653 in
1192 1597 1348 1673 templum,

148 1682 178 1735 et
191 1677 314 1736 docebat
328 1700 417 1754 osque
431 1680 471 1736 od
485 1679 521 1737 de
535 1679 623 1736 turba
636 1686 736 1736 eutem
749 1679 838 1736 multi
852 1678 1040 1736 crediderunt
1054 1679 1086 1734 in
1100 1698 1175 1735 eum.

209 1758 401 1833 Offertordune.

207 1839 376 1916 Expectans
390 1840 543 1916 expectavi
556 1840 728 1912 Dominum,
745 1846 775 1897 et
788 1840 919 1916 respexit
932 1858 998 1897 me:
1026 1844 1056 1897 et
1078 1838 1232 1897 exaudivit
1248 1838 1349 1916 depre-

147 1919 291 1977 cationem
304 1940 408 1992 meam,
425 1927 455 1977 et
468 1921 593 1979 immisit
606 1921 638 1977 in
653 1941 684 1978 os
698 1941 797 1978 meum
811 1922 958 1978 canticum
972 1940 1081 1978 novum
1095 1941 1101 1977 :
1122 1920 1268 1996 hymnum
1283 1920 1349 1978 Deo

147 2006 255 2058 nostro.

207 2080 326 2139 Secreto.

206 2160 281 2218 Haec
301 2162 406 2232 hostia,
427 2181 602 2237 quaesumus,
625 2163 761 2235 Domine,
786 2162 927 2220 emundet
950 2169 1051 2220 nostra
1072 2161 1188 2232 delicta,
1208 2169 1241 2220 et
1260 2163 1349 2220 saeri-

146 2240 244 2299 lioium
258 2241 462 2300 celebrandum
478 2243 664 2301 subditorum
678 2244 734 2301 tibi
747 2264 868 2320 corpora
887 2249 1057 2320 mentesque
1075 2243 1246 2300 sanctificet.
1290 2243 1350 2300 Per

146 2320 315 2380 Dominum.

205 2401 387 2462 doctmonte.

206 2483 387 2541 Laetcbimur
400 2485 432 2541 in
445 2485 569 2543 salutari
582 2491 652 2543 tuo:
674 2491 704 2542 eb
719 2486 751 2542 in
764 2487 883 2543 nomine
904 2487 1028 2544 Domini
1049 2486 1107 2544 Dei
1127 2485 1222 2543 nostri
1235 2485 1349 2563 magni-

144 2564 303 2622 licabimur.

204 2645 444 2711 Posteommum'o.

205 2725 306 2801 Hujus
326 2747 389 2799 nos,
406 2729 543 2802 Domine,
558 2729 706 2805 perceptio
728 2729 904 2787 sacrementi
924 2729 1048 2787 mundet
1070 2749 1088 2785 a
1109 2728 1287 2800 crimine,'et
1307 2729 1354 2786 ad

143 2806 268 2866 coelestia
281 2827 371 2884 regna
384 2809 532 2885 perducat.
576 2809 634 2868 Per
648 2810 818 2867 Dominum.

203 2887 298 2963 Super
317 2890 473 2965 Populum.

204 2968 354 3042 Miserere,
388 2991 561 3048 quaesumus,
594 2972 730 3043 Domine,
758 2972 866 3048 populo
893 2978 955 3043 tuo,
984 2976 1014 3028 et
1041 2970 1189 3029 continuis
1222 2970 1347 3028 tribulu-

143 3047 275 3108 tionibus
288 3050 470 3110 laborantem
483 3054 630 3131 propitius
643 3054 786 3130 respirare
800 3053 929 3110 concede.
974 3052 1033 3110 Per
1048 3051 1219 3109 Dominum.

612 3268 712 3326 Furem
733 3268 869 3338 Qumrs.

204 3369 344 3446 Officium.

202 3451 283 3509 Dum
297 3452 496 3509 sanctificatus
508 3452 592 3510 fuero
605 3453 637 3509 in
651 3453 735 3510 vobis
746 3475 752 3510 z
771 3453 952 3529 congregabo
962 3472 1014 3509 vos
1028 3452 1064 3509 de
1077 3452 1223 3510 universis
1236 3454 1339 3512 terris:

142 3536 172 3591 ot
194 3533 343 3591 effundam
361 3552 449 3608 super
469 3553 522 3590 vos
545 3553 652 3608 aquam
670 3534 828 3591 mundam:
857 3543 887 3590 et
908 3533 1126 3590 mundabimini
1147 3534 1185 3591 ab
1205 3536 1344 3592 omnibus

141 3611 372 3691 inquinamentis
386 3614 499 3686 vestris,
515 3620 546 3671 et
559 3614 634 3671 dabo
648 3615 732 3672 vobis
746 3615 883 3692 spiritum
896 3634 1015 3671 novum.

201 3695 346 3752 Psalmus.

201 3774 379 3833 Benedicam
394 3775 557 3833 Dominum
570 3777 602 3833 in
616 3777 697 3833 omni
711 3783 860 3854 tempore:
875 3796 988 3853 semper
1001 3775 1064 3834 laus
1079 3775 1141 3851 ejus
1154 3775 1187 3832 in
1201 3796 1251 3833 ore
1265 3797 1338 3835 meo.

202 3856 327 3913 Oremus
341 3857 401 3914 sine
416 3856 563 3915 Dominus
576 3858 734 3915 vobiscum.

203 3936 311 3995 Oratio.

201 4017 289 4090 Deus,
305 4019 358 4093 qui
371 4023 401 4076 et
411 4020 501 4094 justis
514 4021 635 4095 praemia
655 4020 836 4091 meritorum,
853 4026 883 4076 et
903 4019 1102 4096 peccatoribus
1122 4037 1175 4093 per
1191 4019 1341 4094 jejrmium

140 4099 257 4156 veniam
274 4098 401 4174 praebes:
424 4100 559 4157 miserere
579 4101 760 4176 supplicibus
777 4101 847 4172 tuis,
862 4106 897 4157 ut
913 4106 1013 4157 reatus
1029 4099 1125 4156 nostri
1138 4099 1281 4156 confessio
1294 4100 1340 4156 in·

140 4176 321 4257 dulgentiam
334 4180 432 4237 valeat
445 4182 593 4256 percipere
606 4181 788 4239 delictorum.
832 4180 890 4238 Per
904 4181 1075 4238 Dominum.

200 4260 295 4318 Lectio
308 4259 464 4318 Ezechielis
476 4261 625 4337 Propleetae
639 4262 749 4340 (ccxcvi.
768 4263 884 4338 23-28).

201 4340 275 4398 Haeo
289 4342 361 4398 dicit
374 4341 521 4399 Dominus
533 4343 631 4399 Deus:
646 4343 840 4400 Sanctificabo
853 4362 961 4400 nomen
974 4361 1073 4399 meum
1086 4360 1339 4417 magnumneque

140 4422 180 4482 od
198 4427 228 4480 et
246 4422 327 4479 eritis
345 4423 419 4478 mihi
436 4423 469 4479 in
486 4423 638 4500 populum,
653 4431 684 4481 et
702 4443 754 4500 ego
768 4444 817 4481 ero
831 4424 915 4481 vobis
928 4425 962 4480 in
976 4423 1082 4495 Deum,
1099 4422 1172 4479 dicit
1190 4422 1338 4480 Dominus

140 4503 333 4581 omnipotens.
