2918 4986
424 355 473 419 In
494 354 711 421 Dedicctc‘orcc
732 354 894 421 Ecclccicc.

427 546 467 605 Iu
489 547 704 606 Dnnrcarrouu
724 545 890 605 Eccnnsns.

117 628 258 703 Officium.

117 708 272 767 Terribilis
292 714 338 768 est
357 706 438 768 locus
457 709 532 766 istc:
556 707 605 766 hic
619 708 724 767 domus
737 706 797 767 Dei
810 713 856 767 est
875 713 907 769 et
926 715 1014 785 porta
1033 707 1114 766 caeli:
1135 715 1166 766 et
1179 727 1263 767 voca

56 789 139 848 bitur
151 790 220 848 aula
233 790 300 849 Dei.

118 871 265 931 Probracs.

116 952 213 1022 Quam
236 952 346 1010 dilecta
368 950 561 1010 tabernacula
583 956 645 1023 tua,
671 948 800 1009 Domine
824 950 991 1011 virtutum:
1022 950 1204 1028 concupiscit
1230 956 1262 1010 et

58 1032 158 1090 deficit
171 1032 350 1095 animamea
363 1031 396 1089 in
409 1033 487 1090 atria
500 1032 632 1090 Domini.
664 1050 678 1105 ·,

120 1113 231 1172 Oratio.

118 1194 209 1268 Deus,
224 1192 278 1272 qui
290 1192 376 1252 nabis
389 1214 444 1271 per
456 1193 587 1270 singulos
600 1213 694 1252 annos
711 1193 801 1270 hujus
822 1194 919 1252 sancti
937 1194 1044 1270 templi
1056 1194 1103 1252 tui
1116 1213 1265 1252 consecra·

56 1275 146 1352 tionis
167 1294 286 1352 reparas
305 1275 394 1347 diem,
409 1276 546 1340 etsacris
564 1294 681 1351 semper
700 1274 851 1352 mysteriis
870 1282 1063 1352 repraesentas
1082 1274 1244 1333 incolumes
1254 1294 1263 1347 ;

58 1357 169 1414 exaudi
187 1375 288 1433 preces
306 1355 410 1433 populi
429 1355 485 1426 tui,
507 1361 538 1413 et
556 1363 672 1434 praesta,
688 1367 723 1414 ut
740 1355 874 1433 quisquis
886 1356 941 1414 hoc
954 1358 1100 1432 templum
1120 1355 1262 1414 beneficia

55 1437 205 1512 petiturus
217 1437 393 1514 ingreditur,
409 1442 517 1495 cuncta
530 1457 561 1493 se
574 1437 748 1512 impetrasse
761 1437 889 1496 laetetur.
933 1437 991 1496 Per
1005 1437 1178 1495 Dominum.

116 1517 214 1576 Lectio
228 1517 297 1576 titt
309 1517 519 1594 Apocalypscos
532 1517 607 1576 tecti
620 1516 647 1572 J
645 1517 771 1575 oldonis
783 1517 917 1594 Apostoli
930 1517 1005 1596 (aad
1022 1518 1099 1596 2-5)

118 1599 158 1656 In
182 1599 285 1656 diebus
307 1599 377 1670 illis,
394 1596 459 1675 Ego
479 1598 501 1656 J
503 1598 634 1656 ohannes
655 1599 719 1656 vidi
742 1599 896 1659 civitatem
919 1605 1052 1656 sanctem
1072 1598 1263 1656 Hierusalem

56 1697 165 1737 novam
178 1699 269 1755 usquc
282 1679 324 1738 od
336 1680 378 1751 Et
391 1680 470 1737 dixit
483 1679 536 1755 qui
546 1679 666 1738 sedebat
678 1681 712 1736 in
725 1679 852 1738 throno:
873 1680 958 1752 Ecce,
973 1700 1051 1738 nova
1063 1679 1139 1738 facio
1153 1680 1260 1737 omnia.

123 1759 257 1818 Gcodcle.

119 1841 215 1898 Locus
228 1841 285 1899 iste
298 1861 317 1898 a
330 1841 396 1899 Deo
409 1840 504 1899 factus
518 1845 563 1899 est
575 1840 784 1899 inaestimabile
804 1848 1039 1904 sacramentum:
1059 1841 1267 1918 irreprehensi·

59 1920 129 1978 bilis
143 1928 194 1980 est

66 2000 93 2059 V.
120 2003 211 2074 Deus,
226 2001 275 2060 cui
288 2003 388 2060 adstat
400 2002 572 2079 angelorum
586 2002 710 2061 chorus:
731 2003 841 2061 exaudi
854 2023 954 2080 preces
967 2023 1120 2062 servorum
1133 2010 1262 2061 tuorum.

119 2084 268 2158 Alleluya.
318 2084 347 2141 V.
369 2084 512 2142 Adorabo
535 2084 574 2141 ad
594 2084 740 2161 templum
763 2090 899 2143 sanctum
920 2092 1029 2142 tuum:
1053 2090 1084 2142 et
1104 2084 1267 2141 confitebor

61 2165 252 2222 nominituo.

117 2245 153 2303 St
165 2245 217 2303 lcoc
229 2245 350 2302 Festum
363 2242 398 2303 in
410 2243 628 2320 Seprcoqecimc
641 2246 771 2317 cederit,
787 2247 907 2304 dicator
921 2247 1053 2305 Proetus.

119 2326 216 2396 Quam
238 2326 346 2384 dilecta
372 2325 563 2384 tabernacula
589 2332 651 2400 tua,
677 2327 806 2385 Domine
830 2328 999 2386 virtutum:
1030 2324 1211 2403 concupiscit
1234 2332 1266 2384 et

60 2405 159 2464 deficit
171 2407 272 2464 anima
284 2426 350 2465 mea
362 2406 395 2463 in
408 2407 486 2464 atria
498 2413 560 2464 tua.

65 2485 92 2544 V.
120 2487 179 2545 Cor
192 2507 291 2545 meum
305 2494 336 2545 et
349 2507 416 2545 caro
430 2507 515 2545 mea:
534 2487 762 2546 exsultavenmt
774 2489 808 2545 in
821 2489 921 2546 Deum
934 2489 1045 2549 vivum.

65 2566 93 2625 V.
120 2562 242 2627 Etenim
259 2588 360 2645 passer
377 2568 495 2626 invenit
514 2568 571 2626 sibi
589 2569 727 2626 domum:
756 2575 787 2626 et
808 2576 911 2627 turtur
933 2571 1048 2641 nidum,
1069 2569 1123 2626 ubi
1141 2575 1266 2646 reponat

60 2648 158 2724 pullos
172 2668 248 2708 suos.

67 2729 92 2786 V.
112 2729 240 2793 'Altaria
252 2736 315 2802 tua,
330 2729 460 2788 Domine
473 2730 623 2787 virtutum
637 2749 644 2788 :
665 2750 720 2787 rex
732 2750 816 2788 meus
828 2737 860 2788 et
873 2730 956 2788 Deus
969 2750 1059 2789 meus.

64 2808 92 2869 V.
119 2811 207 2868 Beati
220 2811 272 2887 qui
285 2811 424 2868 habitant
437 2813 471 2868 in
481 2811 568 2869 domo
581 2817 644 2885 tua,
655 2811 802 2869 Domine:
820 2811 853 2868 in
866 2812 973 2870 saecula
982 2811 1156 2871 saeculorum
1166 2811 1266 2879 lauda»

59 2890 138 2949 bunt
150 2900 189 2949 te.

116 2971 153 3029 Si
172 2980 238 3030 cero
264 2973 299 3030 c‘c
326 2981 449 3048 tempore
473 2970 612 3042 Pcacltolc'
636 2973 786 3048 comiqcrc't
806 2974 967 3033 secundom
989 2974 1131 3050 Alleluya
1153 2974 1208 3032 erit
1230 2974 1266 3034 dc

57 3050 283 3125 Resurrectione,
297 3052 342 3110 ccl
354 3053 388 3110 dc
402 3052 580 3126 Asccosc'ooc,
595 3053 641 3112 oct
652 3054 686 3112 dc
700 3055 868 3113 Pentecoste.

119 3133 285 3209 Sequentia.

384 3214 452 3272 Rex
466 3214 605 3273 Salomon
618 3215 688 3274 fecit
701 3216 856 3293 templum,
967 3190 970 3198 Ι

385 3294 494 3371 Cujus*
506 3296 603 3353 instar
616 3303 647 3354 et
661 3298 829 3374 exemplum

425 3376 562 3434 Christus
576 3383 607 3434 et
621 3377 749 3437 ecclesia.

384 3456 485 3532 Hujus
499 3457 548 3515 hic
562 3465 607 3515 est
619 3457 790 3534 imperator,

383 3537 635 3609 Fundamentum,
650 3546 681 3597 et
693 3539 836 3598 fundator

424 3619 579 3678 Mediante
592 3621 695 3695 gratia.

339 3695 343 3699 ’
385 3699 499 3768 Quadri
512 3701 616 3776 templi
630 3700 823 3760 fundamenta

384 3780 553 3839 Marmorea
565 3786 637 3838 sunt
650 3782 850 3843 instrumenta

426 3861 580 3919 Parietum
594 3863 685 3939 paria.

384 3942 520 4000 (landone
533 3942 587 4000 fios
600 3949 645 4000 est
658 3943 813 4016 castitatis,

150 4043 153 4050 ’
257 4018 262 4027 ’
332 4021 335 4024 ’
384 4021 475 4098 Iapis
489 4018 618 4099 quadrus
631 4025 818 4100 inpraelatis,

326 4124 328 4128 ·
426 4104 534 4162 Virtus
548 4110 579 4161 et
591 4105 765 4164 constantia.

382 4184 562 4260 Longitudo,
576 4184 713 4256 latitudo,

424 4265 598 4348 Templique
611 4265 787 4338 sublimitas,

320 4345 323 4349 ’
383 4345 543 4404 Intellecta
556 4347 717 4418 fidereeta

424 4428 503 4487 Sunt
515 4427 597 4500 fides,
611 4448 686 4505 spes,
702 4433 733 4486 et
746 4429 872 4503 caritas3

520 4539 545 4603 Δ·
561 4538 754 4592 Quorum—MS.
766 4539 793 4588 0.

297 4617 312 4658 Β
