2918 4986
365 391 366 394 ¹
399 369 492 434 Dora.
516 391 542 434 c.
562 376 638 454 post
661 368 797 435 Octavus
817 369 1022 436 Pentecostca
1247 375 1308 435 225

583 560 683 619 Fnru
703 560 840 630 Quaere

175 683 271 742 Lectio
284 683 422 759 Epicteto
435 684 509 742 boati
522 683 605 742 Petri
617 683 750 760 Apostot'
762 683 816 760 (io.
834 681 948 760 12-19).

176 765 344 823 carissimi:
373 765 476 822 Nolite
502 764 682 841 peregrinari
708 764 741 821 in
767 764 882 822 fervore
908 783 999 840 usqae
1019 764 1060 823 ad
1086 765 1166 823 fideli
1186 767 1311 824 creatori

121 845 331 904 commendabit
344 846 472 902 animam
487 865 570 902 suam
582 846 616 902 in
629 844 796 903 benefactis.

176 924 344 984 Secundum
356 927 469 984 Lucam
482 926 562 1003 (aiii.
581 926 694 1004 31-35).

178 1007 218 1065 In
230 1007 282 1065 illo
296 1013 434 1083 tempore,
445 1008 643 1064 Accesserunt
651 1005 771 1082 quidam
785 1005 1001 1064 Pharisaeorum
1013 1007 1052 1065 ad
1065 1007 1087 1065 J
1089 1027 1170 1065 esum
1184 1007 1312 1068 dicentes

124 1087 181 1225 lli:
202 1088 263 1145 Exi
274 1088 352 1160 hinc,
368 1089 438 1164 quia
452 1088 586 1145 Herodes
599 1107 690 1163 usqae
707 1088 748 1146 ad
768 1087 946 1146 Benedictus
965 1087 1018 1165 qui
1035 1089 1119 1147 venit
1141 1089 1174 1146 in
1195 1091 1313 1148 nomine

153 1188 249 1226 omma
1202 1188 1205 1196 ·

592 1266 694 1324 Fraus
728 1265 837 1324 Snxrs.

180 1387 275 1446 Lectio
288 1386 427 1462 Epistola
440 1387 515 1445 beati
527 1386 554 1443 J
551 1386 676 1444 ohannis
688 1384 713 1443 Α
714 1387 822 1463 postol'
834 1384 852 1463 (
855 1387 868 1444 l
885 1387 929 1446 iii.
947 1386 1061 1464 21-24).

168 1467 332 1562 ‘Uerissimi
345 1489 351 1526 :
376 1468 408 1526 si
421 1474 616 1533 <terrestrum
629 1488 690 1526 non
703 1468 924 1546 reprehenderit
937 1487 1027 1544 usque
1041 1469 1082 1527 ad
1094 1469 1128 1525 in
1140 1468 1192 1527 illo
1205 1476 1314 1543 manet,

130 1554 156 1606 et
167 1568 348 1690 liiseecanideiia
361 1628 531 1704 Marcam(
550 1673 557 1686 .
575 1629 641 1707 1-9)

183 1712 221 1769 In
247 1711 299 1768 illo
328 1717 469 1786 tempore,
497 1710 668 1786 Exsurgens
694 1710 716 1768 J
718 1729 782 1767 esus
809 1709 892 1767 veuit
925 1710 959 1767 in
988 1709 1061 1769 fines
1087 1711 1109 1769 J
1110 1711 1209 1786 udaeae,
1236 1712 1317 1770 ultra

132 1791 286 1850 Jordsnem
298 1792 442 1867 usquead
456 1791 541 1859 Quod
556 1791 638 1848 Deus
651 1790 816 1868 conjunxit,
833 1790 920 1854 homo
934 1810 995 1848 non
1008 1799 1131 1869 separet.

324 1966 484 2024 Domum
505 1964 628 2034 Qurrrs
649 1979 719 2021 rosr
740 1962 880 2021 Ocrsvss
901 1961 1119 2023 Parrscosrrs.

185 2079 322 2154 Officium.

185 2159 311 2232 Exaudi,
325 2159 459 2231 Domine,
471 2177 572 2215 vocem
586 2177 682 2215 meam
692 2176 751 2232 qua
764 2156 888 2214 clamavi
901 2155 939 2213 ad
953 2163 1001 2215 te:
1020 2156 1139 2233 adjutor
1152 2177 1233 2217 meus
1246 2166 1319 2233 esto,

131 2259 164 2298 na
176 2240 358 2315 derelinquas
372 2259 419 2297 me
432 2259 527 2315 neque
541 2238 682 2315 despicias
695 2256 752 2310 me,
767 2238 850 2296 Deus
862 2236 1000 2296 salutaris
1013 2256 1103 2296 meus.

184 2321 328 2380 Psalmis.

184 2402 330 2460 Dominus
344 2400 522 2458 illuminatio
535 2419 608 2472 mea,
623 2405 654 2458 et
667 2400 745 2457 salus
759 2418 840 2457 mea:
863 2418 950 2474 quem
964 2399 1094 2458 timebol

187 2482 295 2541 Oratio.

187 2563 235 2620 Da
248 2563 341 2634 nobis,
357 2581 531 2638 quaesumus,
546 2560 684 2630 Domine,
699 2566 734 2617 ut
748 2567 778 2618 et
791 2559 896 2617 mundi
909 2579 1011 2617 cursus
1031 2560 1150 2635 pacifica
1169 2561 1255 2619 nobis
1268 2568 1321 2620 tuo

134 2644 230 2701 ordine
257 2644 409 2720 dirigatur,
434 2649 463 2700 et
487 2643 616 2700 Ecclesia
642 2647 696 2699 tua
718 2640 879 2716 tranquilla
902 2641 1058 2698 devotione
1084 2641 1208 2700 laetetur.
1265 2642 1324 2700 Per

134 2725 292 2782 Dominum
311 2730 451 2780 nostrum.

160 2814 163 2819 ’
190 2805 285 2864 Lectio
299 2805 436 2880 Epistola
450 2805 525 2863 beati
537 2803 620 2862 Petri
632 2801 763 2878 Apostol'
776 2800 810 2878 (l
826 2800 869 2858 iii.
887 2801 932 2859 8-1
956 2803 980 2878 ).

191 2886 359 2943 carissimi:
383 2885 492 2943 Omnes
513 2885 667 2942 unanimes
686 2884 718 2940 in
737 2881 868 2940 oratione
890 2889 983 2939 estote
1005 2884 1149 2957 usquead
1163 2883 1326 2941 Dominum

135 2973 232 3025 autem
246 2966 398 3024 Christum
412 2965 591 3024 sanctificate
604 2966 637 3022 in
650 2963 786 3022 cordibus
798 2962 912 3020 vestris.

195 3046 329 3105 Gradale.

194 3128 347 3185 Protector
360 3133 460 3185 noster
473 3127 577 3202 aspice,
592 3126 690 3184 Deus:
712 3131 743 3183 et
756 3125 865 3200 respice
878 3143 966 3200 super
979 3143 1077 3182 servos
1091 3131 1165 3182 tuos.

143 3210 169 3268 V.
196 3209 324 3267 Domine
338 3209 419 3265 Deus
431 3209 599 3266 virtutum:
620 3207 728 3265 exaudi
741 3225 838 3283 preces
853 3224 1004 3263 servorum
1017 3210 1144 3264 tuorum.

195 3290 344 3364 Alleluya.
405 3289 434 3346 V.
477 3288 613 3361 Domine,
637 3289 671 3344 in
698 3287 810 3344 virtute
833 3293 886 3343 tua
909 3285 1060 3343 laetabitur
1083 3306 1155 3344 rex:
1190 3291 1220 3344 et
1243 3305 1332 3364 super

137 3371 263 3428 salutare
276 3376 362 3427 tuum
377 3370 524 3426 exultabit
537 3369 733 3426 vehementer.

196 3450 390 3525 Evanqetium
401 3475 411 3510 :
430 3450 597 3509 Secundum
609 3450 722 3508 Ducam
733 3446 777 3525 (o.
795 3447 860 3506 1-11
864 3448 889 3524 )

198 3532 237 3589 In
250 3531 302 3588 illo
315 3537 455 3607 tempore,
470 3530 544 3588 (ium
559 3531 654 3588 turbae
668 3529 865 3587 irruerent'ad
879 3528 901 3586 J
903 3547 994 3599 esum,
1008 3533 1043 3584 ut
1057 3527 1194 3587 audirent
1207 3529 1333 3586 verbum

138 3613 205 3685 Dei,
221 3618 251 3670 et
265 3612 327 3688 ipse
340 3612 439 3670 stabat
452 3631 533 3669 secus
547 3617 685 3688 stagnum
699 3609 879 3669 Genesareth
895 3629 985 3684 usqae
1005 3609 1046 3667 ad
1066 3608 1107 3666 Et
1126 3610 1278 3668 subductis
1297 3610 1336 3667 ad
1418 3633 1422 3644 ·

138 3700 248 3751 terram
261 3693 395 3765 navibus,
410 3692 520 3750 relictis
534 3693 679 3762 omnibus,
694 3691 788 3750 secuti
801 3696 872 3748 sunt
885 3709 959 3748 eum.

200 3773 391 3847 offertorium.

199 3854 378 3912 Benedicam
405 3853 568 3912 Dominum
595 3853 648 3930 qui
674 3852 748 3910 mihi
771 3851 878 3908 tribuit
904 3850 1112 3910 intellectum:
1147 3852 1337 3929 providebam

138 3937 240 3994 Deum
253 3936 285 3993 in
299 3941 455 4011 conspectu
468 3954 533 3993 meo
547 3954 682 4011 semper:
710 3933 849 4016 quoniam
868 3951 886 3988 a
902 3930 1027 3998 dextris
1038 3938 1082 3991 ost
1103 3933 1186 4005 mihi,
1207 3952 1244 3990 ne
1264 3951 1339 3990 com-

139 4035 267 4074 movear.

200 4096 320 4155 Secreta.

202 4177 327 4249 Oblatis,
349 4196 522 4253 quaesumus,
543 4176 678 4245 Domine,
696 4175 811 4252 placare
833 4174 1024 4232 muneribus:
1056 4173 1145 4232 etad
1169 4180 1200 4232 te
1223 4180 1338 4234 nostras

139 4259 263 4318 rebelles
277 4258 416 4335 compelle
430 4258 575 4335 propitius
592 4257 767 4314 voluntates.
810 4254 869 4312 Per
882 4255 1053 4312 Dominum.

203 4337 381 4398 Ooonmuttio.

203 4420 307 4478 Unam
329 4420 403 4496 petii
424 4440 442 4476 a
466 4419 603 4492 Domino,
629 4418 705 4476 hanc
731 4416 902 4495 requiram:
936 4423 971 4473 ut
998 4415 1161 4474 inhabitem
1190 4417 1222 4475 in
1250 4417 1336 4476 domo

140 4501 268 4561 Domini
280 4502 415 4559 omnibus
428 4501 531 4558 diebus
544 4502 613 4558 vitae
627 4518 707 4557 meae.

613 4596 631 4642 Q
