2918 4986
408 351 593 419 Domiuieu
608 353 652 419 ὧν.
666 361 742 440 post
759 354 824 422 Oet.
841 355 1057 442 Epiphaneia.
1289 355 1330 421 39

189 516 357 577 Secundum
370 519 411 577 M
407 540 509 578 arerem
522 520 584 598 (iii.
602 521 697 600 6-15)

126 679 173 737 ὼε
190 599 230 656 In
243 600 295 693 illo
309 607 448 695 tempore,
461 600 615 659 Exeuntes
623 602 767 660 Pharisaei
780 622 847 661 eum
858 603 1038 662 Herodianie
1051 623 1141 680 usque
1150 606 1191 662 ud
1201 604 1335 682 ejiciendi

173 699 281 740 monus.

616 805 716 864 Furem
737 806 845 865 Saxrs.

188 938 283 996 Lectio
296 939 434 1014 Epistola
448 939 522 997 beati
534 938 664 998 Joanm'e
677 939 808 1015 Apostol‘
820 939 855 1017 (1
872 941 903 1000 ii.
921 941 1017 1020 9-13)

189 1019 340 1077 Uerissimi
354 1042 360 1077 :
382 1020 441 1089 Qui
456 1021 527 1078 dicit
541 1041 571 1078 se
585 1041 675 1096 aequm
688 1023 729 1079 ad
742 1020 855 1078 vicistis
869 1022 1040 1099 malignum.

188 1099 355 1158 Secundum
368 1101 480 1158 haeum
493 1100 535 1179 (v.
555 1101 667 1179 12-15).
993 1161 996 1166 ,

188 1181 229 1238 In
241 1181 294 1240 illo
307 1188 447 1258 tempore,
462 1181 538 1240 Cum
552 1190 628 1240 esset
645 1183 667 1240 J
669 1202 733 1241 esus
746 1183 780 1240 in
792 1202 853 1240 una
866 1202 956 1258 usque
970 1184 1010 1242 ud
1023 1183 1246 1242 infirmitatibus
1265 1184 1332 1242 erus.

343 1380 504 1467 Dommcu
524 1397 648 1449 Qunam
668 1397 740 1439 rosr
761 1381 902 1439 Ocravrs
923 1380 1113 1439 namma.

187 1531 238 1589 Aa
250 1531 382 1591 Missum.
427 1529 566 1607 Officium.
610 1531 743 1589 Adorate
757 1531 863 1588 Deum.

192 1611 299 1670 Oratio.

169 1692 280 1765 ‘Deua
295 1693 347 1770 qui
368 1712 421 1750 nos
442 1693 475 1749 in
497 1693 589 1750 tantis
611 1691 750 1769 perieulis
770 1691 947 1750 constitutos
967 1711 1021 1767 pre
1037 1691 1167 1749 humana
1180 1691 1236 1749 sois
1249 1691 1334 1770 fragi-

124 1774 213 1832 litate
234 1794 292 1831 non
314 1792 397 1849 posse
416 1774 573 1831 subsistere
583 1794 592 1846 3
620 1774 658 1831 da
679 1773 764 1831 nobis
785 1772 911 1830 salutem
933 1772 1041 1829 mentis
1055 1779 1085 1830 et
1101 1772 1237 1849 corporis,
1251 1780 1286 1830 ut
1300 1793 1334 1831 ea

125 1874 192 1930 quae
206 1874 260 1931 pro
273 1855 399 1931 pereatis
413 1855 522 1912 nostris
535 1856 675 1931 patimur,
686 1859 716 1911 te
727 1854 887 1930 adjuvaute
900 1853 1060 1911 vincamus.
1097 1853 1157 1910 Per
1170 1853 1331 1911 Dominum

125 1941 270 1993 nostrum.

187 2016 238 2074 Ad
251 2017 398 2074 Romanos
412 2016 492 2094 (xiii.
501 2016 605 2094 '8-10).

189 2097 325 2154 Fratres:
347 2097 471 2155 Nemini
482 2097 644 2173 quidquam
654 2095 784 2154 debeatis
794 2115 884 2171 usque
898 2096 938 2153 ad
952 2094 1111 2154 Plenitudo
1121 2115 1189 2174 ergo
1202 2096 1275 2174 legis
1288 2103 1333 2155 est

128 2177 254 2236 dileetio.

189 2258 322 2317 Gradale.
366 2259 527 2316 Timebunt
540 2264 648 2335 gentes.
692 2257 840 2334 Alleluya.
890 2257 919 2315 V.
943 2257 1090 2316 Dominus
1103 2258 1245 2336 regnavit.

187 2339 350 2398 Secundum
364 2339 538 2397 Mattltaeum
552 2339 630 2417 (viii.
644 2339 759 2417 23-27).

186 2420 226 2478 In
248 2421 300 2478 illo
321 2427 462 2497 tempore,
486 2421 675 2478 Ascendente
696 2421 718 2478 J
720 2441 771 2479 esu
792 2419 825 2476 in
846 2419 1014 2478 naviculam
1036 2439 1126 2495 usque
1140 2420 1180 2478 ad
1201 2420 1284 2478 venti
1302 2426 1332 2478 et

129 2520 206 2558 mare
220 2501 362 2559 obediunt
376 2503 403 2559 ei
415 2504 426 2560 t

188 2580 379 2656 Offlrtorium.
424 2582 556 2640 Dextera
570 2581 701 2640 Domini

186 2661 305 2721 Secreta.

186 2742 327 2816 Concede,
353 2764 529 2820 quaesumus,
554 2743 740 2819 omnipotens
767 2743 858 2814 Deus,
884 2749 919 2800 ut
946 2741 1036 2819 hujus
1062 2742 1196 2800 sacrificii
1223 2762 1330 2802 munus

129 2823 257 2881 oblatum
277 2824 468 2902 fragilitatem
484 2832 614 2882 nostram
633 2825 671 2881 ab
689 2824 771 2882 omui
790 2824 867 2880 malo
888 2829 994 2901 purget
1014 2842 1135 2899 semper,
1156 2828 1186 2880 et
1206 2825 1329 2882 muniat.

130 2903 184 2961 Per
202 2904 373 2964 Dominum.
617 2977 619 2981 ι

185 2985 333 3061 Praefatio.
378 2987 455 3056 Quia
468 3006 521 3062 per
533 2985 687 3044 incarnati.

186 3065 365 3126 Corumuuio.
408 3067 604 3125 Mirabantur.

184 3147 426 3208 Postoommunio.
476 3149 477 3154 ’

185 3227 312 3286 Munera
335 3237 388 3287 tua
409 3249 471 3298 nos,
490 3229 582 3301 Deua,
605 3233 635 3286 et
656 3248 674 3286 a
697 3226 942 3285 delectationibus
965 3226 1091 3284 terrenis
1112 3226 1280 3305 expediunt,
1295 3235 1325 3286 et

128 3307 288 3368 caelestibus
301 3330 415 3387 semper
428 3311 579 3367 instruant
589 3309 745 3368 alimentis.
788 3309 846 3366 Per
860 3307 1024 3365 Dominum
1036 3314 1179 3368 nostrum.

591 3487 690 3546 Fama
712 3487 849 3556 Quaere

182 3608 230 3668 le
245 3611 392 3670 Romanos
404 3609 446 3688 (v.
465 3610 577 3689 12-16).

182 3689 300 3749 Fratres
314 3711 320 3748 ε
347 3691 431 3749 Siout
443 3710 603 3767 perunum
616 3689 766 3748 bominem
779 3711 869 3766 aeque
882 3692 923 3749 ad
942 3690 975 3747 in
990 3690 1240 3767 justificationem.

183 3769 347 3830 Secundum
360 3773 498 3830 Marcum
511 3771 565 3849 (ui.
585 3772 631 3829 1-6
633 3771 657 3849 )

183 3851 220 3910 In
232 3853 284 3911 illo
298 3860 438 3930 tempere,
453 3852 595 3929 Egressus
608 3853 800 3929 desuetisque
813 3854 854 3911 ud
866 3852 1104 3912 incredulitatem
1118 3873 1226 3913 eorum.

607 4037 708 4095 Ferus
728 4037 835 4097 sixm

182 4155 229 4215 ld
244 4157 424 4217 Timotheum
437 4158 473 4236 (2
494 4158 514 4215 i.
531 4158 624 4236 8-13).

184 4237 338 4298 carissime
351 4261 357 4298 :
385 4239 458 4296 Noli
471 4240 639 4297 erubescere
651 4258 741 4314 usque
755 4240 795 4296 ud
808 4238 840 4295 in
854 4238 910 4298 fide
924 4246 954 4297 et
968 4239 1130 4298 dilectione.

183 4316 346 4378 Secundum
359 4320 471 4378 Lucam
485 4320 540 4398 (iu.
558 4319 672 4397 57-62).

181 4398 219 4456 In
232 4401 284 4458 illo
295 4408 435 4478 tempore,
443 4400 537 4481 *Dixit
546 4401 667 4477 quidam
681 4400 718 4458 ad
727 4401 749 4458 J
750 4420 841 4474 esum,
851 4401 963 4478 Sequar
976 4407 1007 4459 te
1020 4420 1110 4476 ueqtre
1123 4399 1164 4458 ad
1177 4404 1263 4476 aptus
1278 4405 1322 4457 est

122 4497 211 4556 regno
230 4481 295 4541 Dei
