2918 4986
506 408 610 478 Facio
630 409 673 477 ci.
691 418 768 498 post
788 409 943 510 Pascha..

478 578 618 656 Anguem
632 577 709 636 forat
722 579 755 636 in
768 578 903 644 maxilla,

479 659 615 717 Christus
629 659 733 716 hamus
746 664 777 716 et
790 659 927 733 armilla;

521 738 560 796 In
574 757 698 798 caverna
710 739 806 816 reguli

480 819 606 878 Manum
620 819 716 877 mittit
729 819 900 894 ablactatus,

481 900 523 958 Et
535 899 576 958 sic
589 901 667 977 fugit
680 900 856 959 exturbatus

521 980 618 1039 Vetus
631 981 735 1056 hospes
747 981 854 1039 saeculi.

481 1061 618 1120 Irrisores
634 1060 757 1118 Helisaei

481 1141 557 1200 Oum
571 1142 738 1200 conscendit
752 1139 872 1200 domum
888 1141 958 1216 Dei,

521 1222 626 1280 Zelum
639 1222 715 1280 calvi
731 1223 871 1291 sentiunt.

481 1303 580 1362 David
595 1303 774 1379 arreptitius,

481 1384 594 1443 Hircus
607 1383 782 1455 emissarius,

522 1465 563 1522 Et
575 1483 673 1541 passer
685 1464 841 1541 effugiunt

482 1544 522 1603 In
534 1545 656 1602 maxilla
670 1544 750 1601 mille
763 1543 878 1618 sternit,

481 1625 523 1684 Et
536 1625 572 1683 de
585 1624 668 1683 tribu
681 1644 734 1682 sua
747 1625 860 1702 spernit

522 1706 665 1782 Sampson
677 1705 907 1764 matrimonium.

482 1786 624 1862 Sampson
639 1786 724 1844 Gazae
738 1805 815 1844 saras
828 1786 944 1863 pandit,

402 1887 406 1893 ’
482 1867 524 1925 Et
537 1872 689 1942 asportans
702 1872 801 1944 portas
814 1865 929 1936 scandit

523 1947 637 2005 Montis
650 1946 846 2024 supercilium.

482 2028 531 2086 Sic
544 2027 580 2085 de
592 2028 615 2085 J
615 2027 675 2086 uda
687 2027 733 2086 leo
745 2028 840 2101 fortis,

481 2108 597 2166 Fractis
610 2108 702 2184 portis
716 2108 787 2166 disse
800 2106 913 2182 mortis,

523 2188 582 2246 Die
595 2207 716 2267 surgens
729 2189 826 2249 tertia.

482 2269 632 2346 Rugiento
644 2288 716 2328 voce
733 2269 838 2338 Patris,

482 2350 534 2408 Ad
547 2369 679 2428 supernae
693 2349 792 2426 sinum
804 2349 908 2409 matris

523 2430 581 2488 Tot
592 2430 710 2488 revexit
722 2430 823 2507 spolia.

482 2510 573 2569 (letus
586 2512 608 2570 J
610 2530 697 2569 onam
709 2511 877 2588 fugitivum,

483 2591 560 2650 Veri
572 2592 659 2649 Jonae
672 2591 861 2668 signativum,

482 2672 556 2730 Post
569 2678 630 2730 tres
643 2671 705 2730 dies
718 2672 816 2730 reddit
828 2673 932 2730 vivum

523 2753 570 2811 De
584 2752 696 2811 ventris
709 2753 853 2829 angustia.

483 2834 593 2893 Botrus
608 2833 699 2910 Cypri
712 2833 879 2907 reflorescit,

483 2914 645 2986 Dilatatur,
661 2919 692 2971 et
705 2914 846 2972 excrescit
858 2932 867 2985 ;

483 2995 643 3072 Synagogae
657 2994 709 3051 fios
722 2989 884 3067 marcescit,

523 3076 565 3133 Et
576 3076 662 3133 floret
674 3072 813 3133 Ecclesia

483 3156 568 3215 Mors
581 3162 611 3214 et
624 3156 688 3214 vita
701 3155 868 3229 conflixere,

482 3236 659 3296 Resurrexit
672 3235 808 3294 Christus
820 3253 907 3309 vere;

482 3314 604 3377 Etcum
618 3317 736 3376 Christo
749 3326 903 3375 surrexere

525 3398 619 3456 Multi
632 3403 721 3456 testes
734 3397 843 3475 gloria.

483 3478 574 3538 Mane
587 3498 707 3552 novum,
723 3497 809 3553 mane
822 3476 933 3550 laetum,

482 3557 697 3636 Vespertinum
709 3564 807 3636 tergat
819 3558 942 3632 fletum;

483 3639 562 3711 Quia
574 3639 652 3714 Vita
663 3639 738 3698 vicit
750 3639 855 3714 letum,

523 3720 652 3797 Tempus
665 3726 709 3778 est
722 3719 843 3780 laetitiae.

481 3801 556 3861 Jesu
569 3801 673 3876 victor,
687 3799 855 3882 desumto,¹

482 3882 505 3942 J
506 3882 640 3941 osu'vitae
652 3881 703 3940 via
715 3881 796 3956 trita,

484 3963 579 4039 Cujus
588 3969 684 4021 morte
697 3982 775 4020 mors
788 3961 902 4042 sopite,¹

480 4044 533 4102 Ad
545 4041 710 4120 paschalem
723 4062 777 4101 nos
789 4041 898 4111 invita,

522 4124 659 4183 Mensam
672 4144 739 4182 cum
752 4124 866 4182 fiducia

483 4205 563 4264 Vive
575 4205 668 4282 panis,
684 4205 774 4263 vivax
787 4204 877 4278 undu,

481 4288 563 4345 Vera
576 4285 646 4345 vitis
660 4291 690 4344 et
702 4284 836 4357 fecunda,

482 4367 529 4424 Tu
542 4387 595 4425 nos
609 4386 702 4444 pasce,
716 4372 752 4424 tu
764 4384 818 4422 nos
832 4362 951 4437 munda,

481 4448 530 4509 Ut
542 4469 561 4506 a
573 4454 668 4507 morte
681 4467 734 4506 nos
747 4445 874 4505 secunda

521 4529 586 4588 Tua
599 4529 693 4588 salvet
705 4527 808 4607 gratia
848 4526 956 4586 Amen
