2886 4994
120 371 184 432 224
400 368 497 435 Dona
520 367 563 434 iu.
582 376 658 455 post
682 370 818 436 Octavus
838 369 1045 437 Pentecosten

606 602 706 659 Fumi
726 602 834 661 Suxra

180 732 275 791 Lectio
290 732 364 790 beati
377 730 404 787 J
402 732 526 789 oluuanis
540 732 661 808 Apostol
666 732 672 745 '
687 732 721 809 (l
738 733 782 789 iii.
801 733 848 790 1-3
849 734 875 810 )

180 813 349 870 carissimi:
363 812 475 870 Videte
488 820 631 889 quantam
641 813 795 870 caritatem
805 814 888 870 dedit
900 814 986 871 nobis
999 834 1090 890 usque
1104 816 1145 874 ud
1159 817 1344 884 sanctific&

119 915 158 966 se,
174 895 250 951 sicut
264 900 295 950 et
307 893 358 950 ille
372 901 491 951 sanctus
505 900 557 965 est.

179 990 347 1048 Sccurulum
362 989 498 1048 Murcum
510 991 568 1066 (xi.
587 990 700 1069 15-23).

179 1073 218 1128 In
238 1072 290 1129 illo
311 1078 450 1147 tempore,
473 1072 549 1129 (lum
570 1072 720 1129 introisset
740 1072 829 1130 Jesus
849 1072 1090 1149 Hierosolymam
1117 1075 1150 1131 in
1177 1076 1343 1153 templum

118 1173 208 1228 usquc
222 1154 262 1210 ud
275 1153 469 1228 quodcunque
482 1153 592 1210 dixerit
605 1155 657 1211 fiet
670 1153 706 1213 ei.

319 1389 480 1446 Dounuos
501 1387 631 1456 Qunam
651 1402 723 1444 rosr
744 1386 885 1459 Ocrffls
907 1385 1127 1446 Prurnoosrns.

181 1509 321 1584 Officium.

178 1592 326 1649 Dominus
350 1589 530 1646 illuminatio
554 1607 636 1645 mea:
664 1594 694 1644 et
714 1588 794 1645 salus
814 1607 887 1659 mea,
909 1608 998 1664 quem
1022 1590 1154 1648 timebol
1174 1591 1306 1648 Dominus

118 1673 252 1730 defensor
265 1671 335 1728 vitae
350 1690 429 1740 meae,
444 1690 462 1726 a
476 1689 534 1745 quo
547 1669 720 1744 trepidabo‘l
740 1670 792 1746 qui
812 1669 959 1727 tribulant
979 1690 1027 1728 me
1047 1671 1164 1730 inimici
1181 1674 1252 1731 moi:
1268 1673 1302 1728 in·

118 1754 229 1811 firmati
242 1759 313 1809 sunt
327 1759 357 1808 et
371 1751 545 1808 ceciderunt.

178 1845 324 1903 Psalmus.

179 1927 211 1985 Si
225 1927 388 1984 consistant
400 1925 558 1994 adversum
572 1943 619 1980 me
633 1929 746 1981 castra:
767 1943 827 1980 non
841 1924 961 1981 timebit
974 1944 1024 1983 cor
1037 1945 1146 1985 meum.

178 2020 332 2157 gildiboctor
352 2098 385 2153 in
405 2103 436 2154 te
456 2097 639 2172 sperantium
658 2096 749 2167 DeuS,
770 2097 833 2154 sine
852 2117 911 2173 quo
931 2097 1008 2154 nihil
1028 2104 1074 2155 est
1087 2099 1226 2170 validum,
1239 2096 1298 2156 nihil

118 2188 270 2239 sanctum:
298 2177 462 2252 multiplica
482 2197 569 2252 super
589 2197 643 2233 nos
662 2178 890 2235 misericordiam
910 2185 1014 2236 tuam:
1042 2187 1078 2237 ut
1097 2187 1129 2239 te
1149 2187 1259 2250 rectore,
1275 2185 1298 2234 te

118 2263 200 2333 duce,
222 2261 263 2317 sic
283 2265 467 2315 transeamus
487 2277 539 2332 per
559 2258 636 2314 bona
656 2259 837 2333 temporalia,
859 2265 894 2315 ut
917 2279 978 2316 non
1002 2261 1177 2320 amittamus
1199 2268 1296 2319 aemma

120 2342 229 2478 Perus
242 2421 388 2478 nomana
402 2417 479 2496 (usu
499 2419 586 2476 18-23
589 2417 612 2495 ).

179 2503 316 2559 Fratres:
338 2500 485 2557 Existimo
500 2499 579 2556 enim
593 2501 672 2575 quod
687 2520 747 2557 non
761 2508 832 2558 sunt
845 2501 997 2578 condignae
1011 2503 1162 2578 passiones
1176 2524 1261 2579 usum
1270 2501 1302 2558 ud

118 2589 306 2660 expectantes
334 2582 563 2657 redemptionem
591 2583 719 2657 corporis
746 2582 849 2653 nostri,
876 2583 917 2639 In
945 2582 1064 2640 Christo
1088 2585 1164 2643 Jesu
1190 2585 1304 2643 Domino

118 2673 227 2724 nostro.

180 2745 312 2805 Grudulc.

179 2828 330 2903 Propitius
351 2831 422 2896 esto,
445 2824 583 2895 Domino,
605 2825 877 2899 peccatisnostris:
901 2825 1058 2901 nequando
1082 2827 1185 2885 dicant
1208 2833 1306 2905 gentes,

117 2909 170 2966 ubi
183 2915 228 2965 est
242 2909 323 2964 Deus
337 2926 446 2963 eorum.

123 2991 152 3047 V.
178 2990 302 3064 Adjuva
315 3007 377 3057 noe,
394 2987 476 3044 Deus
490 2986 627 3043 salut-aris
641 2992 760 3043 noster:
781 2992 811 3042 et
824 2993 946 3062 propter
959 2988 1100 3045 honorem
1121 2990 1250 3047 nominis
1261 2988 1307 3058 tui,

118 3071 255 3140 Domine,
270 3070 362 3125 libera
376 3081 445 3124 nos.¹
1157 3111 1160 3117 .

177 3151 326 3224 Alleluya.
369 3149 396 3206 V.
420 3148 552 3224 Diligam
565 3154 603 3219 te,
620 3147 757 3218 Domine,
771 3148 869 3205 virtus
883 3168 966 3207 mea:
990 3149 1141 3208 Dominus
1154 3152 1308 3210 firmamen-

117 3240 182 3289 tum
196 3251 303 3300 meum,
318 3236 348 3286 et
362 3230 509 3304 refugium
522 3248 629 3288 meum.

177 3327 344 3387 Secundum
357 3327 470 3383 Lucum
483 3327 537 3402 (oi.
555 3327 671 3404 36-42).

178 3410 217 3465 In
240 3409 292 3465 illo
316 3414 455 3482 tempore,
481 3407 569 3462 Dixit
592 3408 681 3463 Jesus
704 3407 855 3483 discipulis
879 3408 958 3481 suis;
987 3408 1092 3466 Estote
1116 3410 1311 3469 misericordes

117 3511 207 3565 usquc
221 3491 261 3546 ud
275 3495 305 3545 et
319 3489 423 3545 educas
437 3488 579 3544 festucam
593 3488 629 3543 de
643 3488 727 3545 oculo
740 3488 842 3545 framis
855 3488 909 3545 tui

180 3585 371 3660 Offirtorium.

178 3664 439 3723 Illuminaoculos
459 3683 546 3734 meos,
561 3683 599 3720 ne
616 3684 747 3741 unquam
768 3665 949 3722 obdormiam
970 3666 1002 3722 in
1022 3672 1139 3725 morte:
1163 3667 1312 3745 nequando

117 3750 196 3805 dicat
210 3747 346 3803 inimicus
360 3765 451 3816 meus,
467 3744 609 3820 praevalui
622 3746 762 3803 adversus
777 3766 852 3805 eum.

177 3827 296 3885 Secreto.

177 3908 310 3983 Respice,
333 3905 468 3975 Domine,
490 3925 613 3963 munera
637 3907 829 3983 supplicantis
850 3908 1006 3980 Ecclesiae3
1031 3914 1062 3965 et
1086 3910 1180 3967 saluti
1203 3911 1312 3969 creden-

116 3993 193 4049 tium
207 3993 348 4066 perpetua
362 3987 591 4044 sanctificatione
605 3989 748 4045 sumenda
761 3989 891 4046 concede.
936 3989 995 4046 Per
1008 3989 1182 4050 Dominum.

178 4083 357 4146 Communia

177 4166 324 4225 Dominus
338 4164 558 4220 firmamentum
571 4184 678 4238 meum,
693 4171 723 4222 et
737 4166 884 4241 refugium
897 4186 1006 4239 meum,
1018 4173 1048 4223 et
1062 4167 1206 4226 liberator
1218 4187 1312 4226 meus:

117 4251 199 4307 Deus
212 4266 303 4316 meus,
319 4245 437 4321 adjutor
450 4263 541 4301 meus.

176 4338 415 4399 Postcommuas'u

177 4423 283 4478 Sancta
303 4428 357 4476 tua
376 4439 438 4489 nos,
455 4419 591 4490 Domine,
608 4425 725 4494 sumpta
745 4420 898 4480 vivificent
907 4443 916 4496 ;
938 4429 967 4481 et
987 4422 1195 4483 misericordia
1215 4422 1312 4500 sempi-

116 4511 207 4560 ternae
220 4506 384 4578 praeparent
398 4500 540 4576 expiatos.
584 4500 642 4557 Per
656 4500 827 4562 Dominum.
