2918 4986
185 337 227 400 64
506 335 725 402 Hebdomada
740 336 781 402 ii.
799 334 1076 422 Quodiuqoaimoe.

245 501 390 559 Paulinus.

244 584 433 640 Avertantur
446 589 607 641 retrorsum
619 590 651 642 et
664 585 855 643 erubescant:
875 584 929 661 qui
941 583 1047 641 volunt
1059 581 1135 639 mihi
1147 581 1233 639 mala.

246 662 356 721 Oratio.

244 742 357 801 Praesta
375 745 470 817 nobis,
485 764 660 821 quaesumus,
676 745 813 818 Domine,
827 745 974 805 auxilium
992 744 1095 822 gratiae
1107 749 1189 801 tuae:
1212 748 1249 800 ut
1264 743 1395 820 jejuniis

184 829 215 882 et
237 822 420 883 orationibus
444 827 653 884 convenienter
674 827 796 899 intenti,
821 827 982 885 liberemur
1003 826 1042 883 ab
1067 825 1202 883 hostibus
1227 825 1341 883 mentis
1362 830 1394 882 et

184 905 320 982 eorporis
364 906 423 963 Per
436 906 607 964 Dominum.

245 986 340 1043 Lectio
353 987 508 1044 Hieremiae
521 988 672 1064 Propheta>
684 988 770 1065 (xvii.
786 988 881 1066 5-10).

247 1065 322 1123 Haeo
342 1067 416 1124 dicit
434 1069 580 1125 Dominus
594 1070 692 1126 Deus:
714 1069 892 1127 Maledictus
909 1069 1007 1140 homo,
1021 1067 1075 1145 qui
1086 1066 1209 1125 oonfidit
1221 1065 1255 1123 iu
1268 1065 1392 1124 homine

184 1167 274 1221 oeque
288 1148 329 1204 (ul
342 1154 372 1204 et
389 1148 480 1223 juxta
492 1149 622 1206 fructum
636 1150 880 1208 adinventionum
893 1169 1022 1222 suarum,
1037 1148 1110 1207 dicit
1126 1147 1275 1205 Dominus
1295 1147 1393 1205 omni·

185 1234 296 1304 potens

248 1308 362 1366 Gradal
375 1354 381 1366 .

245 1388 397 1466 Propitius
418 1397 488 1463 esto,
512 1392 650 1464 Domine,
674 1392 801 1469 peooatis
821 1391 950 1450 nostris:
977 1389 1134 1467 nequando
1157 1389 1258 1447 dioant
1276 1394 1389 1467 gentes,

186 1469 250 1528 Ubi
263 1477 308 1528 est
321 1472 402 1529 Deus
416 1492 526 1530 eorum

190 1551 219 1609 V.
245 1552 369 1628 Adjuva
382 1573 444 1625 nos,
459 1554 542 1610 Deus
554 1554 692 1611 salutaris
705 1560 823 1612 noster:
843 1560 875 1612 et
893 1558 1015 1631 propter
1033 1552 1176 1611 honorem
1188 1550 1320 1608 nominis
1331 1551 1390 1623 tui,

185 1633 321 1704 Domine,
336 1634 429 1690 libera
442 1654 503 1691 nos

244 1714 445 1788 Evorapelium.
481 1715 648 1773 Secundum
661 1715 828 1773 Jolumoem
841 1715 884 1792 (v.
901 1713 1018 1793 30-4'1')

245 1794 285 1851 In
298 1794 349 1851 illo
362 1801 500 1870 tempore,
515 1796 605 1853 Dixit
625 1797 647 1854 J
648 1816 714 1853 esus
733 1797 831 1854 turbis
850 1796 1044 1854 Judaeorum:
1065 1795 1137 1852 Non
1156 1812 1276 1870 possum
1296 1812 1352 1869 ego
1372 1812 1392 1851 a

184 1875 295 1951 meipso
315 1875 409 1932 facere
430 1876 587 1952 quicquam
608 1897 699 1951 osque
722 1879 763 1935 od
785 1877 818 1935 Si
837 1883 938 1935 autem
954 1877 1035 1934 illius
1050 1874 1161 1933 litteris
1177 1893 1240 1932 non
1256 1874 1389 1946 creditis,

185 1955 331 2031 quomodo
344 1956 442 2013 verbis
455 1956 529 2012 meis
542 1957 688 2014 credetisi

248 2034 439 2108 Offertorium.

247 2115 387 2174 Precatus
408 2122 453 2173 est
467 2116 566 2174 Moses
586 2118 618 2175 in
632 2125 790 2194 conspeetu
807 2119 931 2177 Domini
944 2117 1004 2177 Dei
1021 2117 1068 2175 sui
1084 2122 1115 2175 et
1127 2116 1226 2174 dixit:
1251 2121 1390 2193 precatus

184 2201 229 2254 est
254 2196 353 2254 Moses
380 2197 412 2254 iu
436 2205 593 2273 conspectu
620 2199 744 2256 Domini
768 2201 827 2258 Dei
850 2201 906 2270 sui,
928 2205 960 2257 et
983 2199 1082 2256 dixit:
1112 2197 1221 2269 Quare,
1248 2197 1392 2269 Domine,

184 2277 318 2334 immotis
332 2278 363 2334 in
376 2279 486 2354 populo
499 2281 571 2337 tuot
591 2300 677 2356 parce
690 2281 742 2337 irae
756 2281 850 2338 animi
862 2281 927 2338 tui:
947 2290 1095 2337 memento
1113 2278 1279 2350 Abraham,
1294 2277 1392 2350 Isaeo,

184 2363 216 2415 ot
229 2357 333 2429 Jacob,
351 2359 458 2433 quibus
472 2359 581 2435 jurasti
602 2360 672 2418 dare
692 2367 802 2418 terram
817 2362 961 2418 fluentem
980 2361 1026 2418 lao
1043 2367 1074 2417 et
1093 2358 1174 2416 mel:
1196 2358 1239 2416 Et
1254 2358 1394 2435 placatus

184 2438 280 2496 faetus
295 2445 339 2496 est
354 2439 500 2497 Dominus
513 2441 550 2498 de
564 2441 758 2518 malignitate,
774 2462 864 2518 quam
877 2442 955 2499 dixit
968 2442 1063 2500 faeere
1076 2439 1185 2518 populo
1198 2458 1261 2498 suo.

246 2518 367 2577 Secreta.

246 2599 390 2658 Praesenti
413 2601 555 2659 sacrificio
578 2603 693 2660 nomini
714 2609 768 2661 tuo
791 2623 854 2674 nos,
875 2603 1011 2675 Domine,
1030 2602 1146 2678 jejunia
1165 2601 1265 2658 dicata
1284 2601 1395 2659 saneti-

184 2680 282 2752 ficent,
297 2688 334 2738 ut
353 2683 432 2758 quod
452 2683 639 2742 observantia
658 2690 759 2742 nostra
778 2685 934 2762 profitetur
953 2684 1092 2755 exterius,
1106 2683 1232 2740 interius
1251 2688 1394 2759 operetur

184 2763 299 2820 effectu.
342 2763 407 2821 Per.

247 2842 428 2905 Communia

246 2925 305 2995 Qui
319 2927 477 2984 manducat
490 2947 585 2985 meam
599 2947 717 2985 earnem
731 2932 761 2985 et
774 2927 852 2985 bibit
864 2946 964 2985 meum
976 2924 1168 3004 sauguinem:
1187 2924 1222 2983 in
1230 2943 1280 2982 me
1288 2931 1394 2984 manet

185 3011 216 3064 et
229 3025 282 3082 ego
296 3008 328 3064 in
343 3027 385 3080 eo,
402 3008 474 3065 dicit
488 3009 641 3067 Dominus.

245 3087 486 3148 Poatoommumb.

246 3168 350 3226 Gratia
370 3175 422 3228 tua
442 3190 504 3242 nos,
519 3171 656 3243 Domine,
672 3189 846 3247 quaesumus,
861 3189 923 3227 non
942 3169 1146 3245 derelinquat:
1168 3187 1235 3244 quae
1254 3172 1286 3225 et
1300 3186 1392 3225 saorae

185 3267 239 3304 nos
259 3248 372 3307 deditos
392 3250 481 3308 faeiat
502 3252 648 3324 servituti,
662 3258 693 3308 et
713 3257 796 3309 tuam
816 3250 902 3308 nobis
920 3270 1005 3328 opem
1018 3269 1133 3326 semper
1145 3248 1288 3325 acquirat.
1331 3249 1394 3306 Per

186 3328 349 3387 Dominum
362 3337 506 3388 nostrum.

246 3408 341 3484 Super
353 3411 511 3487 Populum.

246 3489 369 3564 Adesto,
381 3491 517 3561 Domine,
533 3491 650 3550 famulis
663 3493 732 3565 tuis,
748 3499 779 3552 et
793 3498 966 3571 perpetuam
979 3490 1193 3569 benignitatem
1206 3490 1314 3568 largire
1327 3509 1394 3567 pos-

186 3569 338 3629 centibus:
358 3576 394 3628 ut
413 3571 460 3628 his
481 3572 533 3648 qui
545 3579 576 3630 te
590 3579 708 3632 auctore
722 3581 753 3632 et
770 3575 966 3652 gubernatore
978 3573 1152 3651 gloriantur,
1168 3577 1200 3630 et
1213 3577 1394 3650 congregata

142 3725 149 3740 .
187 3655 340 3724 restaures,
355 3659 386 3709 et
399 3658 564 3710 restaurata
577 3672 736 3712 conserves.
780 3656 838 3713 Per
852 3655 1024 3712 Dominum.

671 3814 771 3872 Furem
792 3815 902 3873 Sarra

250 3890 390 3965 Officium.

248 3972 311 4049 Ego
331 3978 431 4030 autem
451 3992 518 4031 oum
534 3975 655 4050 justitia
674 3976 820 4052 apparebo
840 3977 873 4034 in
893 3981 1050 4053 conspectu
1070 3979 1140 4033 tuo:
1165 3974 1306 4048 satiabor,
1320 3975 1394 4033 dum

188 4053 425 4112 manifestabitur
438 4055 531 4131 gloria
543 4062 604 4114 tua.

248 4133 396 4192 Paolmua.

247 4213 376 4285 Exaudi,
392 4215 528 4290 Domine,
539 4217 690 4294 justitiam
703 4238 817 4278 meam:
836 4220 958 4277 intende
971 4218 1206 4296 deprecationem
1220 4237 1326 4278 meam

250 4294 362 4355 Oratio.

247 4376 306 4448 Du,
319 4392 494 4453 quaesumus,
513 4379 697 4456 omnipotens
718 4383 808 4454 Deus,
830 4388 873 4454 ut,
895 4401 976 4439 sacro
997 4401 1050 4439 nos
1070 4379 1247 4458 purificante
1264 4379 1390 4457 jejunio,

318 4454 470 4515 montibus
484 4460 522 4518 ad
535 4466 636 4518 sancta
649 4467 776 4520 ventura
788 4463 877 4521 facias
891 4463 1050 4540 pervenire
1095 4461 1153 4518 Per
1165 4460 1341 4519 Dominum.
