2918 4986
490 347 535 412 Ia
552 348 645 413 Festo
660 347 770 413 saneti
784 345 958 432 Stephana
1263 361 1265 365 ’
1290 348 1331 409 21

123 514 329 586 adolescentis,
352 513 405 591 qui
425 515 587 572 vocabatur
610 514 723 573 Saulus.
787 515 829 572 Et
855 514 1027 591 lapidabant
1051 513 1233 590 Stephanum
1256 512 1339 570 invo

124 601 254 666 cantem,
277 601 307 652 et
329 595 483 664 dicentem,
506 596 635 653 Domine
658 596 742 666 Jcsu,
764 595 878 672 suscipe
902 595 1041 672 spiritum
1064 613 1169 652 meum.
1227 593 1337 651 Positis

125 682 228 733 autem
241 676 372 752 genibus,
389 675 527 733 clamavit
540 695 611 734 voce
626 696 741 753 magna,
755 677 863 747 dicens,
880 676 1016 744 Domine,
1030 694 1068 733 ne
1082 681 1195 733 statuas
1208 674 1267 732 illis
1280 674 1336 731 hoc

125 762 288 832 peceatum
332 756 373 814 Et
387 777 454 814 cum
467 757 522 815 hoc
536 757 668 830 dixisset,
684 757 865 831 obdormivit
877 757 910 813 in
924 756 1062 814 Domino.

190 851 275 934 [Tres
289 853 416 912 Diacoai
429 863 543 912 content
557 854 589 912 ia
603 855 722 930 palpato
735 855 769 912 ia
783 854 874 930 Cepis
888 853 1101 913 retacta—MS.
1117 850 1171 933 D]

188 950 336 1090 gfflpt
348 1032 495 1109 principes
509 1037 539 1090 et
552 1032 707 1090 adversum
721 1052 768 1090 me
781 1033 997 1109 loquebantur:
1025 1038 1056 1090 et
1073 1031 1170 1107 iniqui
1191 1029 1338 1108 persecuti

126 1118 328 1269 lllntlhndjuva
352 1213 407 1265 me,
427 1192 555 1251 Domino
570 1194 652 1252 Deus
676 1214 777 1253 meus:
806 1194 921 1252 salvum
945 1213 991 1252 me
1015 1193 1061 1250 fac
1084 1198 1205 1270 propter
1225 1191 1335 1249 miseri-

127 1274 260 1332 cordiam
274 1280 364 1334 tuam.

190 1351 315 1434 [Deinde
328 1375 348 1412 a
362 1355 449 1413 turbe
461 1356 495 1413 ira
508 1355 602 1414 medio
617 1355 706 1416 Chora
719 1355 942 1413 dicatur-MS.
958 1352 1012 1435 D.]

188 1435 337 1512 Alleluya.
387 1436 417 1494 V.
459 1435 557 1494 Video
578 1436 663 1495 caelos
686 1442 821 1513 apertos:
852 1443 882 1494 et
903 1437 1009 1494 Jesum
1032 1440 1161 1493 stantem
1183 1454 1201 1491 a
1223 1432 1337 1491 dextris

131 1515 252 1574 virtutis
266 1515 332 1575 Dei.

189 1629 344 1705 Sequentia
365 1627 398 1710 [e
412 1631 542 1688 Diacoao
556 1630 834 1706 decimatae—MS.
851 1628 905 1710 D.]

209 1711 339 1788 Magnus
352 1712 436 1769 Deus
448 1711 482 1768 in
494 1711 632 1769 universa
645 1718 732 1784 terra,

210 1791 322 1868 Magna
339 1797 410 1849 sunt
424 1792 487 1868 ejus
499 1793 610 1868 ubique
623 1793 723 1850 omnia
735 1792 769 1850 in
782 1793 852 1850 caelo
866 1798 955 1869 atqua
968 1793 1001 1848 in
1015 1797 1095 1848 terra
1108 1810 1214 1867 opera:

211 1873 271 1943 Qui
284 1879 329 1930 est
343 1872 411 1930 Rex
424 1891 535 1950 regum,
547 1873 694 1931 Dominus
709 1874 849 1943 omnium,
859 1894 877 1931 a
890 1873 979 1930 Patre
993 1871 1110 1949 genitus
1124 1877 1194 1929 ante
1208 1869 1335 1928 saecula:

211 1953 303 2030 Cujus
317 1953 422 2011 caritas
436 1973 506 2011 vera
519 1953 589 2011 caclo
603 1954 738 2011 sublevat
753 1954 935 2031 Stephanum
949 1953 986 2011 de
1000 1959 1088 2025 terra,

112 2036 116 2042 “
209 2034 313 2110 Atque
326 2034 449 2111 perenni
462 2034 526 2091 rita
539 2041 626 2092 ornat
640 2034 764 2092 candida
778 2035 908 2111 digniter
921 2053 1035 2093 corona.

210 2113 322 2172 Plenus
334 2115 413 2172 enim
428 2115 595 2191 Stephanus
609 2114 746 2174 Deiratet
759 2121 849 2191 atque
863 2114 960 2192 gratia

210 2195 323 2272 Magna
335 2195 425 2253 dabat
438 2196 580 2273 prodigia,
595 2197 701 2254 docens
714 2197 867 2254 verissima
880 2197 1027 2273 dogmata.

212 2276 288 2334 Oum
301 2281 402 2334 autem
415 2277 587 2353 praedicaret
603 2277 667 2353 jam
681 2277 836 2353 praesentia

211 2356 330 2414 Nostrae
343 2357 554 2435 redemptionis
567 2378 645 2415 nova
658 2357 783 2434 gaudia3

210 2437 335 2495 Intento
348 2438 381 2494 in
394 2457 521 2514 superna
534 2438 598 2495 caeli
611 2445 694 2515 patet
707 2440 807 2515 janua,

210 2518 357 2594 Dixitque
370 2519 574 2576 circumstanti
587 2519 666 2595 plebi
679 2539 750 2577 voce
763 2519 889 2596 publica,
905 2539 987 2578 sacra
1000 2520 1105 2596 plenus
1118 2520 1232 2598 gratia;

210 2598 285 2657 Ecce
299 2598 358 2656 Dei
370 2599 456 2656 video
470 2599 672 2657 admirabilem
686 2601 810 2677 gloriam
824 2601 958 2659 claritate
971 2601 1092 2679 fulgida,

210 2679 314 2755 Atque
326 2679 349 2738 ,J
349 2699 432 2738 esum
445 2686 573 2738 stantem
587 2680 620 2737 in
633 2681 755 2739 virtutis
769 2682 827 2738 Dei
841 2681 970 2740 dextera.

210 2760 251 2816 Et
264 2779 332 2818 cum
345 2761 400 2819 hoc
414 2759 542 2818 audisset
555 2761 647 2838 impia
664 2782 735 2838 gens
749 2762 771 2820 J
773 2760 884 2834 udaica,

210 2841 293 2898 Dans
306 2840 459 2898 fremitum
472 2842 587 2899 concita
600 2848 720 2918 quassat
732 2842 880 2919 lapidibus
895 2842 1038 2919 Stephani
1052 2842 1203 2900 membra:

211 2920 268 2980 Sed
289 2927 350 2980 stat
370 2922 488 2980 fortiter
510 2924 626 2999 patiens
649 2929 764 2999 martyr
787 2929 818 2980 et
840 2929 927 2996 orat;
955 2923 1005 2980 Ne
1019 2923 1069 2996 eis,
1086 2923 1211 2995 Christe,
1225 2936 1335 2976 noxam

289 3008 411 3076 statuas,
426 3003 477 3060 sed
486 3004 551 3080 jam
564 3005 662 3079 accipe
676 3004 815 3080 spiritum
828 3023 946 3061 mcum:

210 3081 332 3141 Etcum
345 3083 400 3141 hoc
413 3083 546 3155 dixisset,
560 3084 593 3140 in
608 3084 737 3141 Domino
750 3083 931 3141 obdormivit
943 3103 1014 3161 pace
1028 3090 1157 3157 aeterna;

210 3162 256 3221 Tu
269 3169 300 3222 et
312 3164 397 3222 nobis
410 3170 532 3242 martyr,
549 3165 575 3222 O
590 3165 749 3241 Stephane,
764 3164 942 3240 sempiterna
955 3165 1080 3242 impetra
1098 3163 1212 3244 gaudia

191 3308 356 3369 Secaadeaa
368 3312 543 3370 Matthaeam
556 3313 655 3390 (auiti.
673 3313 787 3392 34-39).

191 3389 229 3448 In
241 3391 293 3448 illo
307 3397 447 3469 tempore,
462 3393 552 3451 Dixit
564 3394 587 3452 J
588 3415 654 3451 esus
675 3395 771 3452 turbis
793 3395 815 3453 J
816 3395 965 3453 udaeorum
989 3403 1020 3455 et
1041 3396 1225 3473 principibus
1246 3417 1336 3456 sacer-

141 3465 238 3529 dotum.
295 3471 370 3530 Ecce
397 3493 450 3550 ego
473 3474 562 3532 mitto
586 3475 624 3532 ad
651 3495 703 3532 vos
730 3476 889 3552 prophetas
915 3498 1005 3552 aeque
1032 3480 1073 3535 acl
1101 3478 1193 3536 donec
1220 3478 1334 3554 dicatis,

141 3545 315 3627 Benedictus,
331 3554 384 3630 qui
396 3554 482 3612 venit
494 3555 528 3612 in
541 3555 661 3614 nomine
678 3556 808 3615 Domini.

191 3632 293 3693 (hedo.

190 3728 383 3805 Offamrtam.

131 3834 133 3841 ·
187 3809 226 3868 In
246 3811 360 3870 virtute
377 3817 440 3884 tua,
462 3812 600 3885 Domine,
626 3814 777 3873 laetabitur
794 3817 903 3892 justus,
928 3824 958 3874 et
982 3837 1071 3894 super
1094 3819 1223 3878 salutare
1244 3825 1333 3878 tuum

136 3889 274 3950 exultabit
285 3891 493 3952 vehementer:
514 3894 692 3953 desiderium
708 3897 814 3954 animae
828 3898 892 3974 ejus
906 3899 1040 3956 tribuisti
1052 3898 1086 3958 ei.

187 3985 306 4046 Secreta

186 4066 315 4145 Suscipe,
329 4068 466 4142 Domine,
481 4090 605 4128 munera
624 4090 678 4147 pro
697 4072 792 4129 sancti
811 4074 1088 4132 commemoratione
1107 4074 1333 4151 protomartyris

136 4146 338 4235 trdStephani,
353 4155 390 4207 ut
402 4150 479 4208 sicut
498 4151 585 4208 illum
601 4153 698 4228 passio
715 4152 805 4210 efficit
825 4153 993 4230 gloriosum,
1010 4173 1065 4212 nos
1086 4155 1205 4214 devotio
1228 4155 1332 4213 reddat

136 4241 273 4287 mnoouos
317 4228 376 4288 Per
392 4230 564 4289 Dominum.
823 4229 825 4236 ’

186 4309 335 4387 Praefatio.
380 4311 457 4382 Quia
469 4331 522 4390 per
536 4312 691 4372 incarnati.
732 4313 1000 4374 Communicantes.

592 4491 605 4515 ¹*
624 4491 821 4541 Vmbrae-MS.
833 4492 864 4544 D.
