2918 4986
499 354 658 422 Feriam.
674 354 717 421 in
730 356 918 422 Para-saeve.
942 362 953 399 ·’
1248 359 1316 421 101-

128 583 131 587 ,
170 520 274 597 Sicqne
287 522 493 581 consummatis
506 523 640 581 omnibns
657 524 797 581 recedant
831 524 900 581 Post
909 513 1107 597 resectionem?
1121 522 1198 580 circa
1211 521 1314 581 doram

119 601 304 679 Vesperarnm
318 603 487 661 conueniant
500 604 647 661 Proemtas
660 614 685 661 et
700 604 805 664 Clerici
818 623 915 662 omens
932 594 1291 675 Ecclesdeadsscclssiem
1300 625 1313 674 ,·

112 693 137 740 et
147 683 234 757 facto
249 685 338 759 prins
354 685 499 742 Mandata
513 685 692 760 Paupernm,
709 694 810 760 postea
822 688 882 760 fiet
902 684 1085 742 Mandatum
1094 676 1249 759 'Fratrem
1264 684 1315 742 att

112 764 259 822 Praiatns
271 773 296 822 et
309 765 446 824 Decanns
458 774 484 823 et
497 765 620 840 majores
638 766 779 838 Ecciesise,
794 766 886 823 nadis
901 765 1032 841 pedihus,
1048 758 1182 840 accindi
1190 764 1313 837 lintheis,

112 845 205 903 dicent
224 845 364 920 fratrum
391 847 661 905 circumsedentium
679 848 774 922 pedes,
797 856 823 905 et
843 855 970 904 canatur
993 845 1112 904 interim
1127 838 1312 923 ‘dntipinnd

111 925 258 984 Dominus
278 926 366 985 Jesus
387 933 544 1004 postquem
555 948 565 1000 3
584 948 651 985 cam
672 928 794 1003 reliquis
806 927 993 1003 Ant'mleanis,
1014 947 1079 1002 qna
1099 928 1140 984 ad
1160 926 1216 986 leod
1233 927 1316 991 insti·

111 1015 179 1064 tntee
192 1016 263 1065 sant
275 1007 310 1065 in
319 1007 564 1084 Antipieorwnne.†
597 1008 667 1067 Post
680 1008 739 1067 iecec
748 1009 900 1067 Dracones
913 1007 1047 1080 inditis,
1063 1017 1089 1066 et
1103 998 1314 1084 Sabdiaaeicat,

110 1096 149 1226 {a
163 1086 342 1162 C'eroferarii
367 1089 401 1147 in
427 1089 557 1147 mediam
578 1091 746 1166 procedant,
775 1090 827 1148 nbi
852 1089 1005 1147 Dracones
1035 1089 1109 1164 leyen
1135 1088 1169 1146 in
1195 1078 1344 1168 modii-tic:

150 1169 261 1227 ationis.

168 1249 370 1325 Eranpeiinm.
413 1249 582 1309 Secmsdnm
595 1251 621 1308 J
619 1251 761 1310 oicannem
774 1248 855 1327 (aiii
871 1249 956 1328 aia).

168 1329 252 1387 Ante
267 1331 346 1389 diem
359 1331 469 1389 festum
483 1331 603 1390 Paschae
617 1352 707 1407 nsque
722 1333 762 1389 ad
775 1350 875 1388 eamus
889 1331 967 1388 hino.
1384 1384 1386 1391 Α
1404 1390 1421 1407 Ἀ
1453 1406 1456 1409 ¹

127 1469 129 1474 ,
167 1408 295 1469 Interim
317 1433 337 1469 a
357 1412 503 1470 ministris
526 1412 644 1471 ecciesiae
662 1421 818 1489 ponantur
842 1432 939 1470 coram
954 1410 1081 1468 Praelato
1102 1420 1128 1469 et
1142 1411 1239 1469 ceteris
1252 1431 1315 1470 aare
1432 1468 1440 1476 ,

109 1491 269 1550 sedentibus
281 1513 395 1569 mappae
408 1503 434 1551 et
447 1494 556 1552 nebnne
569 1513 637 1552 cnm
654 1494 730 1564 uino,
746 1493 833 1568 qnasi
846 1493 887 1550 ad
909 1493 1080 1550 cenandum.
1122 1491 1228 1549 Finita
1249 1512 1315 1551 aero
1429 1492 1448 1507 ‘⁸

105 1571 244 1644 Lectione,
274 1583 342 1650 post
381 1574 564 1632 Mandatum
602 1575 780 1651 campanum,
809 1574 909 1632 statim
942 1573 1090 1630 Pratitas
1124 1572 1205 1630 dieat
1238 1572 1315 1632 itanc

109 1651 281 1712 Orationem.
458 1674 460 1679 ·

165 1733 313 1792 Dominus
326 1736 486 1795 vobiscum.
530 1737 663 1794 Oremus.

124 1826 127 1832 '
167 1814 277 1874 Oratio.

166 1895 294 1968 Adesto,
307 1896 443 1969 Domine,
458 1897 552 1955 officio
572 1898 724 1956 servitutis
744 1902 873 1969 nostrae;
905 1902 936 1954 et
957 1895 1028 1973 quic
1048 1901 1084 1953 tu
1105 1895 1193 1973 pedes
1214 1895 1314 1954 lavare

108 1973 245 2052 dignatus
258 1995 289 2035 es
303 1978 363 2034 tuis
374 1978 533 2055 discipulis,
544 1998 582 2036 ne
593 1978 733 2055 despicias
747 1997 835 2054 opere
847 1997 991 2035 manuum
1004 1982 1134 2050 tuorum,
1149 1996 1213 2053 quae
1228 1977 1313 2034 nobis

106 2056 260 2115 retinenda
280 2058 446 2117 mandasti:
477 2059 528 2117 sed
555 2060 632 2117 sicut
655 2059 801 2117 exteriore
822 2059 871 2116 hic
892 2058 1057 2116 abluuntur
1077 2056 1310 2135 inquinamenta,
1407 2064 1409 2066 ’

106 2135 145 2194 sic
157 2156 176 2194 a
185 2144 217 2195 te
230 2139 363 2196 omnium
376 2146 512 2197 nostrum
525 2141 668 2198 interiora
680 2141 819 2199 leventur
831 2145 958 2215 peccate.
995 2138 1082 2207 Quod
1094 2138 1158 2215 ipse
1171 2145 1310 2214 praestare

106 2217 243 2294 dignene,
258 2219 310 2295 qui
329 2239 395 2277 cum
417 2220 482 2278 Deo
502 2221 602 2294 Patre,
617 2221 650 2278 in
670 2222 786 2279 unitate
807 2220 936 2298 Spiritus
957 2219 1059 2278 Sancti
1071 2218 1148 2277 rivis
1162 2224 1192 2276 et
1205 2239 1310 2296 regnes

106 2297 195 2356 Deus.
239 2299 297 2358 Per
310 2301 409 2358 omnis
423 2301 528 2359 saecule
541 2302 721 2360 soeculorum.
763 2302 871 2359 Amen.

163 2379 225 2437 Hic
245 2381 380 2457 peractis,
403 2382 504 2440 statim
530 2382 668 2440 Sacerdos
697 2380 743 2462 [in
769 2381 963 2441 Attis-MS.
987 2377 1039 2475 D]
1068 2401 1135 2440 cam
1158 2381 1309 2439 Ministris

104 2467 128 2516 et
164 2459 314 2535 Granifero
342 2472 368 2520 et
401 2462 592 2537 Geroferariis
611 2464 754 2536 {similiter
782 2464 817 2520 in
842 2463 932 2535 Albis,
962 2471 1115 2520 comitante
1146 2460 1237 2533 Oiero,
1269 2463 1310 2519 ad

103 2539 224 2598 Altaria
247 2541 376 2611 iuranda
392 2546 562 2620 procedam,
587 2545 638 2603 att
656 2545 745 2621 prins
766 2565 845 2620 aqna
865 2543 1010 2602 benedicta
1030 2541 1307 2618 serperirp‘nndatnr,

104 2621 251 2697 lavennpne
274 2622 414 2682 Sacerdos
439 2634 465 2683 et
487 2625 639 2683 Diaeanns
665 2624 785 2682 Altaria
809 2645 876 2683 cam
898 2625 1018 2699 hyssopo
1039 2633 1065 2680 et
1091 2624 1195 2681 surina
1218 2623 1310 2680 simnl

103 2701 196 2759 mixta
204 2724 219 2773 ,·
252 2713 278 2762 et
306 2705 409 2763 deinde
435 2706 538 2770 mnam
565 2705 840 2782 superinfundatnr.
883 2706 968 2762 Dnm
990 2704 1048 2762 itsec
1068 2707 1159 2779 fiant,
1184 2712 1310 2761 canatar·

103 2781 335 2858 Responsorinm,
361 2786 626 2845 Circumdederunt
652 2807 708 2858 me,
737 2807 803 2844 cnm
832 2786 927 2844 Versa.
980 2785 1085 2842 Postea
1105 2805 1170 2842 uero
1192 2785 1310 2842 dicatur

34 2863 37 2870 ’
102 2861 274 2938 teintona
297 2867 332 2924 de
355 2865 462 2925 Sancto
483 2868 679 2943 cajascanqae
697 2867 800 2924 ditare
820 2867 882 2926 erit.
934 2865 975 2921 Et
992 2864 1132 2922 Sacerdos
1151 2864 1309 2939 snbjnnpat

108 2942 285 3003 Vera'crdam
302 2966 369 3004 cnm
391 2947 529 3007 Oratione
543 2950 578 3006 de
595 2949 690 3006 eodem
704 2947 874 3006 concludens
891 2945 1066 3018 Orationem,
1083 2944 1141 3002 Per
1155 2944 1307 3002 Christum

102 3023 266 3083 Dominum
278 3033 420 3089 nostrum.

160 3105 226 3164 Hoc
240 3107 340 3166 ordine
352 3113 413 3183 fiat
427 3130 483 3186 per
496 3109 614 3185 sinpaia
627 3108 751 3167 Altaria.
788 3109 859 3166 Post
872 3107 931 3165 isac
942 3127 1007 3165 aero
1017 3107 1080 3165 bini
1089 3116 1114 3163 et
1128 3106 1191 3164 bini
1204 3106 1306 3164 dican

103 3183 331 3263 Completarinm'
339 3191 484 3264 priamim
499 3212 566 3249 cam
579 3190 757 3266 Antipleona
800 3189 946 3247 Dominus
963 3194 1114 3264 tanquam.
1156 3188 1205 3245 Ps.
1229 3186 1306 3244 (ium

100 3265 274 3327 invocarem.
330 3270 379 3328 Ps.
412 3271 452 3329 In
475 3278 506 3328 te
526 3271 655 3328 Domine
675 3270 798 3348 speravi
854 3269 902 3328 Ps.
936 3270 1012 3328 Ecce
1032 3287 1111 3326 nune
1131 3267 1304 3327 benedicite.

107 3345 251 3409 Versicnii.
304 3350 441 3409 Christus
463 3353 560 3410 iactus
580 3360 625 3411 est
647 3372 701 3429 pro
721 3352 812 3410 nobis.
866 3351 958 3409 Pater
980 3355 1088 3408 noster.
1141 3348 1205 3426 Ego
1229 3348 1302 3422 dixi,

100 3435 125 3484 a
158 3439 256 3489 cetera.
311 3432 360 3490 Ps.
404 3433 545 3490 Miserere
579 3433 644 3491 mei.
705 3431 867 3508 Sabjnncta
893 3432 1029 3490 continno
1055 3439 1123 3507 post
1150 3429 1304 3488 Psaimnm

102 3506 247 3584 Oratione,
262 3511 386 3590 Respice
400 3534 566 3590 quaesumus
580 3515 717 3588 Domine,
734 3514 886 3591 peremisse
901 3522 1017 3571 tantam
1037 3511 1169 3570 Oremus.

367 3693 467 3750 Ferri
488 3694 596 3755 Snxrs.
640 3694 680 3751 In
700 3695 882 3753 Prusscnvn
903 3693 1031 3752 Dounu.

148 3818 230 3878 Post
239 3816 360 3880 Nonam
369 3823 524 3895 Praiatas,
534 3824 624 3882 saeris
637 3825 759 3882 restitns
772 3825 896 3882 indams
911 3843 979 3881 cnm
994 3822 1114 3896 Camila,
1129 3830 1155 3880 et
1168 3821 1305 3881 Ministri

100 3897 131 3955 in
143 3898 229 3959 Atta
247 3911 370 3974 tantam,
387 3905 587 3980 praeantibas
605 3904 803 3980 Oaroferariis‚
822 3905 948 3963 introeat
969 3905 1010 3962 od
1025 3902 1148 3973 Aitare;
1179 3912 1206 3960 et
1226 3903 1304 3961 dicto

101 3975 209 4054 [serrem
229 3981 294 4042 MS.
321 3982 374 4064 D.]
399 3995 466 4042 ante
490 3987 602 4060 predas
623 3986 738 4043 ditaris
759 3986 850 4043 Peter
870 3991 978 4058 noster,
1001 3986 1125 4042 sedeant.
1177 3982 1303 4041 Interim

99 4059 193 4196 dm
215 4062 274 4121 ista
295 4084 314 4122 a
335 4065 504 4141 Presbytero
525 4068 559 4124 in
580 4067 668 4141 niqra
691 4065 792 4143 Capass
813 4066 848 4123 in
868 4066 963 4124 medio
986 4064 1077 4124 Oleori
1097 4065 1195 4139 aisque
1217 4062 1302 4122 titulo

120 4151 217 4216 pater.
1143 4164 1146 4173 ·

159 4223 226 4282 Osee
239 4224 292 4302 (ei.
312 4226 384 4305 1-6).

157 4303 195 4362 In
209 4305 401 4386 tribulatione
414 4303 472 4366 ¹suo
490 4328 577 4367 mene
597 4314 773 4385 consurgent
787 4308 824 4366 cd
837 4327 907 4382 me;
934 4308 1047 4366 Venite
1068 4311 1098 4364 et
1118 4309 1303 4363 revertamur

268 4433 282 4461 ⁵
297 4432 370 4478 MSS.
382 4433 409 4478 B.
421 4435 469 4479 end
480 4434 505 4480 O.
518 4435 576 4482 omit
585 4435 720 4481 remoinder
730 4435 756 4480 oi
770 4436 810 4480 the
821 4434 894 4480 Office
904 4435 930 4479 in
941 4434 1007 4479 Cena
1016 4432 1122 4477 Domini.

212 4489 497 4551 †Processicnali.-MS.
509 4493 539 4540 D.
786 4491 1139 4554 ssiiatitanenmutatc.-MS.
1151 4489 1181 4537 D.
