2918 4986
601 384 719 447 Canem
733 382 856 448 Missa.
1266 384 1329 452 197

269 549 335 607 MS.
357 548 391 607 B.
617 548 681 606 MS.
706 549 738 608 0.
954 547 1017 608 MS.
1034 547 1201 607 Bauium.

111 1788 237 1872 Agnus
254 1791 321 1862 Dei,
343 1791 395 1866 qui
414 1789 494 1847 tollis
514 1794 633 1866 peccata
652 1788 774 1846 mundi:
815 1791 929 1867 Agnus,
950 1801 976 1850 ct
996 1802 1093 1850 cetera.

332 1889 468 1946 miserere
482 1888 576 1944 nobis.

119 1985 238 2066 Agnus
255 1986 321 2059 Dei,
343 1986 396 2062 qui
416 1985 496 2042 tollis
515 1990 634 2062 peccata
653 1984 775 2042 mundi:

333 2084 470 2141 miserere
483 2075 576 2140 nobis.

131 2179 239 2260 Agnus
256 2183 324 2256 Dei,
346 2182 398 2258 qui
417 2180 498 2238 tollis
517 2187 635 2256 peccata
654 2181 776 2240 mundi:

334 2280 411 2336 dona
425 2279 510 2336 nobis
523 2298 632 2355 pacem.

139 3256 279 3314 Dimittat
298 3256 413 3312 tertiam
421 3263 538 3329 partem
576 3252 637 3310 Hic
650 3253 780 3328 impona
820 3252 881 3311 Hic
891 3253 1022 3311 dimittat
1036 3253 1150 3310 tertiam
1158 3254 1340 3329 particulam

138 3337 172 3395 im
184 3336 373 3412 Smcqaimm,
389 3344 415 3393 et
428 3335 526 3394 dicat:
596 3343 646 3391 tur
675 3334 740 3391 tert'
822 3333 1222 3411 ComarisimSamquiac,ita
1230 3335 1340 3395 dicem:

342 3419 345 3433 ’
575 3435 650 3490 pam
671 3414 784 3472 Hostia

588 3497 623 3553 ia
643 3494 777 3554 Calicem.

200 3595 276 3652 Haec
290 3593 667 3652 sacrnsanntffcommixtio
681 3594 808 3670 corporis
822 3601 853 3651 et
866 3595 1018 3672 sanguinis
1029 3595 1153 3652 Domini
1162 3595 1257 3653 nostri
1266 3595 1289 3653 J
1290 3616 1341 3654 esu

141 3692 261 3763 eluisti,
276 3693 329 3749 fiat
342 3693 427 3749 nobis
442 3690 666 3772 [Brea—mihi]
682 3698 712 3750 et
730 3692 866 3750 omnibus
887 3691 1071 3748 sumentibus
1091 3692 1171 3749 salus
1190 3693 1299 3750 mentis
1312 3699 1343 3750 et
1393 3745 1397 3753 .

139 3791 276 3866 emperie,
292 3797 322 3847 et
340 3791 486 3847 advitam
507 3797 647 3848 aeternam
667 3789 871 3867 capessendam
886 3785 1257 3870 [Brea—promerendum]
1272 3810 1342 3866 prae-

140 3890 255 3964 paratio
269 3889 414 3946 saluteris,

140 3988 200 4044 Per
234 3988 360 4044 eundem
391 3987 542 4044 Chiistum
584 3987 642 4046 Per
660 3989 785 4046 eundem
826 3986 884 4043 Per
897 3985 1022 4044 eundem
1038 3986 1196 4045 Christum.

142 4085 307 4142 Dominum
320 4090 461 4142 nostrum.
501 4086 543 4143 A·
602 4086 765 4143 Dominum

142 4202 219 4240 men.
585 4189 719 4239 nostrum
738 4184 759 4240 J
761 4205 787 4240 e-

587 4300 652 4335 sum
688 4280 788 4337 Chris-

586 4383 652 4433 tum
675 4379 786 4434 Filium

580 4481 675 4533 tuum.
692 4477 800 4533 Amen.

187 4577 201 4600 ⁴*
216 4553 347 4634 ffl-Ms.
365 4577 383 4622 Ο
400 4591 432 4622 on
447 4577 548 4635 margin.
