2918 4986
399 340 446 404 Iu
460 339 552 404 Festo
567 346 761 404 secretorum
776 339 801 402 I
798 338 1028 403 nascentium.
1276 343 1317 405 23

240 507 343 584 Tuque
357 507 389 564 in
402 513 481 565 terra
494 508 615 584 posituS,
630 506 754 583 gloriam
768 506 948 582 conspexisti
961 505 1032 563 Filii
1046 506 1112 578 Dei,

241 589 312 658 Quae
327 588 422 645 solum
435 589 543 646 sanctis
555 589 588 645 in
602 589 666 645 vite
679 588 810 644 creditur
823 586 988 644 contuenda
1001 607 1061 644 csse
1074 586 1203 663 perenni

241 669 282 726 Te
296 669 432 726 Christus
445 671 478 726 in
491 689 575 726 cruce
589 668 775 744 triumphans
789 669 878 725 matri
891 687 950 725 suae
964 668 1047 724 dedit
1060 667 1218 740 custodem,

241 751 288 808 Ut
301 750 384 826 virgo
397 751 542 827 virginem
556 769 686 807 servares
699 755 789 824 atquc
802 767 903 805 curam
916 748 1123 825 suppeditares,

241 831 318 887 Tute
332 849 444 888 carcere
458 832 614 907 flagrisque
628 830 737 887 fractus
751 829 920 887 testimonio
934 849 987 906 pro
1002 829 1135 886 Christi*
1150 849 1180 887 es
1193 830 1318 906 gavisus.

241 911 326 968 Idem
339 917 469 968 mortuos
483 913 612 982 suscitas,
627 912 716 986 inque
729 910 752 968 J
753 929 803 967 esu
817 911 936 972 nomine
949 911 1186 968 venenum‘forte
1199 910 1299 969 vincis.

241 993 309 1049 Tibi
322 1012 455 1049 summus
468 993 591 1050 tacitum
605 992 716 1048 caeteris
730 991 866 1048 Verbum
879 1010 965 1048 suum
976 990 1067 1048 Pater
1080 991 1200 1049 revelat.

242 1072 288 1129 Tu
301 1092 354 1129 nos
368 1092 468 1130 omnes
481 1074 615 1149 precibus
629 1072 736 1129 sedulis
750 1072 827 1149 apud
842 1072 940 1129 Deum
954 1091 1068 1148 semper
1081 1072 1258 1142 commenda,

242 1154 264 1211 J
265 1153 394 1211 ohannes
409 1154 519 1211 Christi
534 1174 606 1212 care.

180 1290 381 1365 Evanpdium.
424 1288 591 1348 Semurium
604 1289 770 1347 Jolamwm
784 1288 858 1367 (eei.
879 1290 991 1367 19-24).

181 1371 221 1428 In
241 1371 293 1428 illo
313 1377 451 1447 tempore,
466 1371 555 1428 Dixit
570 1372 659 1429 Jesus
680 1370 779 1442 Petro,
803 1370 930 1445 Sequere
955 1390 1002 1428 me
1029 1390 1119 1445 aesque
1144 1373 1184 1428 ad
1209 1371 1325 1442 scimus,

122 1453 193 1529 quia
205 1472 310 1509 verum
324 1458 369 1510 est
383 1452 586 1510 testimonium
601 1452 672 1528 ejus.

185 1532 286 1591 Oredo.

185 1614 377 1688 offertorium.

181 1695 204 1752 J
205 1700 289 1752 ustus
302 1700 337 1751 ut
349 1694 447 1771 palma
460 1695 595 1767 florebit;
615 1693 692 1751 sicut
705 1693 809 1751 cedrus
823 1712 887 1769 quae
901 1693 934 1750 in
948 1692 1062 1750 Libano
1080 1698 1134 1765 est,
1150 1691 1326 1768 multiplica·

124 1776 213 1833 bitur.

184 1855 304 1914 Secreta.

185 1937 313 2013 Suscipc,
333 1936 469 2008 Domine,
489 1955 655 2012 quaesumus
669 1954 799 2007 munera,
814 1955 879 2011 quae
892 1935 926 1991 in
940 1936 1002 2011 ejus
1023 1934 1209 1992 solemnitate
1225 1933 1329 1992 deferi-

125 2037 197 2086 mus,
212 2019 295 2094 cujus
308 2037 362 2075 nos
375 2017 548 2074 confidimus
562 2017 725 2092 patrocinio
739 2016 865 2073 liberari.
908 2016 967 2073 Per
981 2016 1151 2073 Dominum.

184 2097 335 2172 Praefatio.
379 2098 457 2166 Quia
469 2116 522 2172 per
535 2098 687 2154 incarnati.
732 2096 999 2154 Communicantcs.

187 2178 364 2237 Coruncanio.

186 2259 271 2316 Exiit
291 2278 385 2317 sermo
405 2259 485 2316 inter
504 2259 610 2315 fratres
631 2258 709 2333 quod
726 2258 885 2335 discipulus
898 2257 949 2316 ille
963 2279 1023 2315 non
1037 2259 1170 2316 moritur.
1214 2258 1256 2315 Et
1269 2277 1329 2315 non

126 2341 204 2398 dixit
217 2341 238 2398 J
239 2359 313 2412 esus,
328 2359 389 2396 non
403 2339 537 2411 moritur,
552 2339 602 2396 sed
617 2339 664 2396 Sic
678 2359 747 2397 cum
760 2341 827 2396 volo
841 2359 958 2396 manere
972 2340 1063 2396 donec
1077 2340 1201 2397 veniam.

153 2428 156 2432 '
186 2421 425 2478 Postcommunie.

187 2501 303 2559 Refecti
324 2502 388 2559 cibo
408 2506 539 2577 potuque
560 2500 676 2571 caelesti,
695 2500 777 2557 Deus
796 2505 903 2572 noster,
919 2506 950 2558 te
964 2501 1108 2576 supplices
1122 2500 1329 2576 deprecamur3

127 2588 162 2638 ut
174 2583 207 2639 in
221 2583 304 2658 cujus
314 2582 375 2639 haec
389 2582 664 2639 commemoratione
678 2581 866 2657 percepimus,
880 2582 943 2656 ejus
956 2583 1127 2638 muniamur
1140 2588 1170 2639 et
1183 2582 1327 2658 precibus

128 2663 188 2721 Per
201 2663 372 2720 Dominum.

189 2995 243 3078 [Ire
269 2997 315 3055 die
336 2996 545 3054 Innocentium.
589 2996 684 3051 illisce
706 2995 879 3070 capitularis
898 2995 933 3051 dc
955 2994 1125 3065 thirritate,
1140 3002 1174 3050 ut
1192 3014 1283 3070 supra
1298 2995 1333 3051 ia

133 3080 175 3136 dic
188 3077 434 3153 sanctiStmhnni
447 3085 573 3134 notatur.
612 3075 751 3150 Officium.
795 3075 876 3132 Puer
889 3080 986 3132 natus.
1029 3075 1173 3132 Memoria
1187 3076 1221 3132 de
1235 3085 1333 3134 sancto

134 3159 273 3234 Stephano
286 3168 312 3216 ct
326 3159 360 3216 dc
373 3167 470 3216 sancto
484 3157 627 3227 Jolnnne,
644 3166 669 3214 ct
683 3165 772 3213 cetera
786 3165 820 3213 ut
833 3155 1042 3231 aspra—MS.
1059 3152 1112 3235 D]

452 3329 492 3386 Iu
512 3345 566 3386 nur
586 3344 766 3386 smeronuu
786 3329 1010 3386 Inuocsumuu.

192 3479 389 3562 [Priaafuctd
397 3483 582 3558 processione,
598 3483 624 3539 ei
637 3481 908 3556 Dominicufuerit,
924 3481 1057 3540 omnibus
1071 3482 1174 3557 pueris
1186 3482 1220 3540 in
1235 3481 1334 3559 Cepia,

133 3563 293 3621 Praecerator
306 3563 424 3620 ildirum
437 3563 676 3638 incipiat—MS.
694 3560 746 3642 D.]

191 3658 241 3716 Ad
254 3659 386 3716 Missam.
431 3659 569 3733 Officium.

193 3741 242 3797 Ex
255 3759 305 3797 ore
318 3740 488 3811 infantium,
505 3740 595 3804 Deus,
612 3745 642 3798 et
663 3739 837 3797 lactentium
857 3739 1005 3816 perfecisti
1018 3739 1136 3798 laudem
1148 3746 1269 3816 propter
1281 3739 1335 3797 ini-

132 3820 222 3878 micos
235 3827 314 3880 tuoe.

193 3901 338 3959 Fecimus.

193 3982 320 4039 Domine
335 3982 481 4040 Dominus
501 3988 618 4039 noster:
639 4001 728 4057 quarn
748 3981 921 4039 admirabile
941 3988 985 4039 est
1000 4001 1107 4040 nomen
1120 3989 1207 4040 tuum
1225 3983 1258 4038 in
1270 3978 1335 4039 uni-

131 4082 218 4120 versa
230 4068 317 4121 terra.

194 4140 310 4222 [Kyria
326 4143 429 4202 aaran
443 4144 606 4202 Puerorum
623 4150 747 4200 caterva.

196 4222 336 4293 Omnibus
354 4225 457 4300 pueris
470 4226 503 4282 in
522 4225 615 4281 aredio
630 4224 720 4282 Ultori
740 4225 939 4295 sanquine-er
958 4225 1000 4281 ibi
1020 4226 1119 4282 omnin
1140 4223 1331 4292 cantantibus,

130 4304 274 4381 Episcopo
288 4325 387 4363 eorum
399 4305 516 4363 interim
529 4306 564 4361 in
577 4305 712 4362 cntlredru
725 4305 851 4374 sedente·
871 4314 897 4363 ct
907 4305 933 4362 sa'
943 4304 1210 4379 Dominienfuerit,
1225 4303 1335 4361 dicitur

604 4484 616 4509 ³*
632 4482 684 4530 MS.
698 4482 864 4531 n-Ghirsto.
