2886 4994
211 346 273 410 160
576 339 717 408 Sabboto
735 344 810 425 post
831 339 1051 405 Pentecosten.

268 508 470 584 Eocrrqele'nm.
513 507 680 566 Secundum
693 508 806 564 Lucam
822 508 866 583 (o.
885 506 998 584 17-26).

269 602 309 660 In
329 602 381 659 illo
395 609 534 677 tempore,
550 600 675 657 Factum
690 607 734 656 est
754 599 787 655 in
800 619 861 657 una
874 599 998 671 dierum,
1014 604 1045 656 et
1065 599 1088 657 J
1088 618 1154 657 esus
1167 599 1289 658 sedebat
1307 600 1394 659 docens

210 703 298 759 usqne
312 684 352 739 ad
366 682 436 757 quia
449 681 577 738 vidimus
591 681 738 737 mirabilia
751 680 845 738 hodie.

273 763 463 837 Offertoriam.
507 760 617 833 Lauda,
640 762 739 818 anima
758 780 824 818 mea
844 761 1026 819 Dominum:
1052 760 1180 819 laudabo
1197 760 1393 820 Dominumin

210 845 274 902 vitu
287 863 369 900 mea:
389 842 510 918 psallam
526 842 591 899 Deo
604 861 678 913 meo,
693 841 834 917 quamdiu
847 862 904 899 ero.
982 903 986 909 ,

270 924 390 983 Secreto.
434 923 589 993 Sacrificia,
600 922 737 992 Domine,
747 923 808 979 tuis
818 922 920 980 oblata
930 923 1133 999 conspectibus
1143 922 1222 1000 ignis
1235 923 1285 981 ille
1294 922 1391 980 divinus

210 1011 358 1064 assumat:
391 1003 443 1079 qui
466 1003 676 1078 discipulorum
700 1003 812 1061 Christi
839 1005 886 1060 tui
909 1023 962 1079 per
986 1004 1131 1079 Spiritum
1156 1004 1297 1062 Sanctum
1323 1002 1390 1061 corda

210 1086 367 1145 succendit.
411 1084 470 1143 Per
483 1084 616 1141 eundem.
659 1084 698 1140 In
711 1085 827 1141 unitate
841 1085 971 1161 ejusdem
985 1085 1113 1160 Spiritus
1127 1084 1237 1142 Sancti.

270 1166 419 1241 Profote‘o.
464 1164 702 1233 Quiascendens.
746 1165 1009 1223 Communicantes.
1053 1165 1143 1223 Hanc
1156 1166 1258 1243 igitur,

272 1246 452 1307 daemonio.

270 1328 399 1405 Spiritus
420 1321 473 1383 ubi
493 1326 560 1383 vult
581 1327 683 1402 spirat,
707 1332 737 1383 et
757 1345 857 1383 vocem
881 1327 944 1403 ejus
961 1327 1054 1399 audis,
1070 1326 1217 1404 alleluya:
1247 1327 1297 1384 scd
1316 1323 1389 1383 nescis

209 1408 288 1467 unde
301 1410 402 1466 veniat
415 1413 468 1464 aut
481 1426 540 1482 quo
555 1407 651 1479 vadat,
666 1407 801 1483 alleluya,
816 1407 949 1484 alleluya.

268 1489 508 1548 Postconemnnio.

270 1571 461 1647 Sumpsimus,
481 1569 618 1640 Domine,
640 1569 713 1625 sacri
735 1568 812 1625 dona
835 1569 977 1644 mysterii,
993 1569 1147 1626 humiliter
1167 1570 1348 1646 deprecantes
1365 1569 1391 1622 ut

209 1670 274 1727 quae
295 1653 328 1710 in
350 1652 397 1708 tui
418 1649 692 1707 commemoratione
715 1669 769 1706 nos
791 1651 884 1706 facere
905 1651 1078 1726 praecepisti,
1101 1657 1276 1727 cooperante
1297 1647 1391 1726 Spiritu

209 1732 326 1804 Sancto,
353 1733 385 1788 in
409 1737 517 1788 nostrae
544 1731 699 1808 proficiant
722 1730 905 1788 infirmitatis
929 1731 1082 1788 auxilium.
1126 1730 1192 1790 Per.
1236 1730 1391 1794 Inunitete

209 1815 347 1889 ejusdem.

732 1969 878 2029 Snnnnro,

271 2074 411 2151 Officium.

269 2157 384 2214 Caritas
398 2156 455 2214 Dei
468 2156 574 2212 diffusa
584 2160 628 2212 est
641 2156 673 2212 in
688 2155 823 2212 cordibus
836 2155 1105 2235 nostrissalleluya:
1127 2176 1181 2233 per
1194 2156 1394 2215 inhabitantem

209 2237 353 2314 Spiritum
368 2238 430 2312 ejus
444 2238 476 2293 in
490 2237 583 2308 nobis,
598 2237 734 2312 alleluya,
749 2236 884 2313 alleluya

269 2317 415 2375 Psotmna.

269 2399 396 2455 Domine
410 2399 492 2455 Deus
506 2398 609 2455 salutis
622 2418 711 2456 meae:
735 2399 768 2455 in
781 2399 829 2456 die
843 2399 968 2457 clamavi
981 2406 1011 2458 et
1024 2404 1110 2457 nocte
1124 2419 1222 2457 coram
1236 2407 1274 2460 te.

270 2478 372 2535 Gloria
386 2479 418 2535 in
432 2480 554 2536 excelsis
568 2479 641 2536 Deo.

270 2560 374 2617 Omnes
394 2561 535 2617 orationes
556 2559 697 2617 dicantar
715 2561 775 2618 sine
790 2561 937 2617 Dominus
957 2562 1107 2619 vobiscum
1122 2571 1230 2636 proter
1252 2563 1398 2621 oratrbreem
1426 2621 1429 2628 ,

208 2640 298 2713 Deae,
315 2642 367 2716 qui
380 2641 475 2697 tribus
489 2641 596 2716 pueris,
605 2642 757 2716 proconisso
772 2651 887 2699 tontum
902 2642 1034 2700 Oremus

269 2723 376 2780 Oratio.

267 2803 421 2860 Mentibus
443 2803 558 2874 nostris,
577 2823 752 2878 quaesumus,
772 2803 908 2874 Domine,
929 2803 1074 2880 Spiritum
1099 2804 1242 2861 Sanctum
1266 2806 1400 2881 benignus

205 2884 348 2957 infunde,
374 2886 456 2960 cujus
475 2892 505 2941 et
527 2884 672 2960 sapientia
686 2885 797 2940 conditi
818 2904 919 2942 sumus
941 2891 971 2942 et
993 2885 1179 2962 providentia
1201 2887 1400 2962 gubernamur.

206 2965 264 3023 Per
278 2966 447 3023 Dominum.
492 2965 531 3021 In
544 2965 660 3021 unitate
674 2966 811 3040 ejusdem.

265 3064 361 3121 Lectio
374 3063 473 3121 Esoiae
486 3062 637 3138 Prophetae
650 3061 757 3138 (elio.)
1320 3124 1323 3128 Α

266 3144 341 3201 Haec
362 3145 433 3201 dicit
453 3143 600 3201 Dominus
621 3143 720 3200 Deus:
742 3143 835 3215 Audi,
851 3142 945 3200 Jacob
965 3163 1049 3201 serve
1069 3164 1151 3201 meus
1165 3151 1195 3201 et
1209 3144 1303 3202 Israel
1322 3162 1404 3220 quem

206 3225 280 3301 elegi
291 3245 299 3297 3
323 3226 431 3281 faciens
452 3231 482 3281 et
503 3226 631 3281 formans
653 3231 682 3281 te
701 3226 738 3281 ab
756 3235 849 3296 uter0,
870 3225 1031 3282 auxiliator
1051 3230 1128 3282 tuus.
1171 3224 1250 3293 Quia
1270 3245 1323 3301 ego
1344 3243 1405 3282 sum

205 3306 258 3382 qui
271 3305 353 3362 deleo
367 3306 538 3380 iniquitates
552 3316 619 3361 tuas
633 3311 753 3380 propter
766 3325 822 3377 me,
833 3313 863 3362 et
876 3312 1060 3381 peccatorum
1073 3315 1193 3362 tuorum
1203 3326 1264 3362 non
1278 3307 1405 3363 recorda-

205 3387 266 3443 bor.
304 3386 407 3443 Reduc
418 3405 464 3443 me
478 3386 510 3441 in
525 3386 703 3457 memoriam,
715 3394 750 3442 ut
761 3386 957 3462 justificemur
970 3387 1065 3444 simul.
1106 3385 1171 3457 Dic,
1184 3387 1209 3442 si
1223 3387 1296 3462 quid
1309 3387 1404 3457 babes,

204 3472 239 3523 ut
256 3466 460 3540 justificemur.
504 3466 576 3522 Noli
591 3467 702 3537 timere,
719 3487 801 3524 serve
822 3468 865 3524 mi
878 3468 974 3525 Jacob
988 3474 1018 3524 et
1037 3467 1205 3538 rectissime,
1222 3487 1310 3543 quem
1325 3467 1403 3543 elegi

205 3546 364 3603 Effundam
385 3566 491 3622 aquam
513 3566 599 3621 super
617 3547 765 3604 sitientem
789 3553 818 3605 ct
841 3548 951 3605 fluenta
972 3568 1058 3623 super
1081 3548 1202 3604 aridam.
1248 3548 1405 3605 Effundam

205 3625 349 3702 Spiritum
369 3647 468 3683 meum
486 3646 572 3702 super
590 3646 688 3683 semen
708 3634 803 3698 tuum,
819 3634 849 3686 et
863 3629 1097 3687 benedictionem
1110 3648 1206 3686 meam
1224 3648 1312 3705 super
1325 3647 1406 3706 gene

205 3707 349 3764 rationem
363 3713 455 3779 turam,
472 3707 543 3763 dicit
557 3707 704 3764 Dominus
719 3709 910 3785 omnipotens.

265 3787 413 3863 Alleluya.
463 3788 491 3846 V.
516 3788 637 3846 Emitte.

267 3868 376 3927 Oratio,

265 3949 324 4007 Illo
342 3969 395 4006 nos
415 3948 490 4026 igne,
506 3970 681 4025 quaesumus,
697 3951 832 4024 Domine,
850 3953 978 4029 Spiritus
992 3953 1116 4011 Sanctus
1130 3952 1303 4023 inflammet,
1320 3971 1405 4028 quem

204 4031 351 4089 Dominus
372 4041 472 4088 noster
493 4031 580 4088 Jesus
604 4032 739 4090 Christus
760 4034 841 4090 misit
862 4035 895 4090 in
919 4040 1028 4091 terram
1051 4039 1081 4090 et
1102 4034 1197 4090 voluit
1217 4035 1405 4091 vehementer

203 4113 329 4172 accendi.
375 4111 434 4180 Qui
447 4117 552 4169 tecum.
595 4112 633 4169 In
647 4115 763 4170 unitate
777 4114 915 4190 ejusdem.
1254 4108 1255 4111 ¹

264 4210 360 4269 Lectio
374 4209 401 4265 J
399 4210 466 4267 celis
479 4209 629 4285 Prophetes
645 4211 695 4286 (it.
709 4211 831 4287 23-27).

264 4291 339 4348 Haec
352 4292 424 4348 dicit
440 4291 585 4347 Dominus
600 4291 681 4348 Deus
688 4313 696 4363 3
717 4292 881 4365 Exsultate,
897 4294 965 4350 filiae
981 4294 1052 4352 Sion
1065 4313 1154 4368 eosque
1168 4295 1209 4350 od
1222 4300 1253 4351 et
1266 4314 1328 4352 non
1341 4311 1404 4351 con·

203 4373 345 4430 fundetur
358 4373 483 4449 populus
498 4391 579 4428 meus
592 4373 624 4427 in
639 4373 859 4449 sempiternum,
876 4375 919 4431 ait
934 4375 1080 4433 Dominus
1094 4375 1288 4452 omnipotens.

264 4464 411 4541 Alleluya
461 4465 489 4523 V.
512 4463 601 4538 Veni,
617 4464 724 4523 Sancte
738 4466 874 4542 Spiritus.
