2918 4986
188 373 228 434 50
588 364 729 432 Sabbato
742 371 815 451 post
832 364 973 429 Oinarea.

247 534 392 592 Prolatus.

247 615 395 673 Exaltabo
409 620 448 687 te,
464 613 601 687 Domine,
618 614 757 690 quoniam
772 613 925 688 suscepisti
939 632 1002 670 mc:
1024 630 1077 669 nec
1091 611 1247 669 delectasti
1259 610 1397 670 inimicos

189 716 270 755 meos
284 715 371 772 super
383 715 437 752 me.

252 776 360 835 Oroatia.

250 858 393 915 Inchoata
412 857 535 932 jejunia,
562 874 736 930 quaesumus,
763 854 900 926 Domine,
925 854 1052 929 benigno
1076 853 1176 910 favore
1200 873 1398 931 prosequere:

190 946 226 997 ut
244 938 460 995 observantiam
481 956 570 1012 quarn
591 935 781 1011 corporaliter
801 935 982 1008 exhibemus,
998 935 1147 991 mentibus
1165 931 1262 992 etiamv
1277 936 1399 994 sinceris

192 1038 326 1079 exercere
339 1019 496 1075 valeamus.
540 1016 598 1073 Per
612 1016 782 1073 Dominum.

252 1100 346 1158 Lectio
360 1100 458 1156 Esaiae
471 1097 621 1172 Prophetae
640 1095 728 1173 (lotii.
749 1097 794 1153 1-9
796 1099 821 1173 )

252 1180 413 1248 Haecdioit
428 1179 574 1237 Dominus
589 1178 678 1250 Deus,
692 1177 802 1249 Clama,
818 1196 856 1233 ne
870 1196 960 1233 cesses
974 1198 1064 1252 usqae
1078 1178 1118 1233 od
1132 1177 1216 1234 Tunc
1233 1177 1398 1248 invocabis,

191 1269 222 1320 et
236 1261 382 1318 Dominus
396 1260 553 1317 exaudiet:
577 1259 724 1331 clamabis,
741 1264 772 1315 et
785 1259 862 1315 dicet
876 1278 882 1314 :
906 1258 982 1315 Ecce
995 1259 1119 1330 adsum,
1140 1258 1211 1333 quia
1231 1258 1399 1316 misericors

193 1363 258 1401 sum
272 1343 419 1400 Dominus
433 1341 516 1399 Deus
528 1346 605 1399 tuus.

256 1423 389 1481 Grodole.

251 1504 387 1571 Domine,
401 1502 550 1579 refugium
564 1501 659 1559 factus
673 1520 704 1557 es
717 1500 802 1558 nobis
816 1519 834 1556 a
847 1500 1036 1576 generatione
1050 1506 1080 1557 et
1094 1500 1240 1576 progenie

198 1587 228 1645 V.
255 1585 433 1661 Priusquam
454 1589 568 1640 montes
590 1583 703 1653 fierent,
719 1587 772 1638 aut
784 1582 963 1638 formaretur
976 1587 1055 1638 terra
1068 1588 1099 1637 ct
1112 1582 1200 1653 orbis,
1216 1601 1234 1638 a
1248 1581 1358 1639 soeculo
1373 1588 1402 1638 et

193 1669 226 1725 in
240 1666 377 1724 saeculum
393 1670 428 1722 tu
443 1684 473 1721 es
488 1664 578 1721 Deus.

256 1748 387 1805 Tractus.
719 1793 722 1802 .

256 1828 394 1898 Domine,
410 1845 470 1881 non
484 1824 651 1881 secundum.
730 1878 731 1881 ,

255 1907 457 1981 Ecanpeliant.
500 1903 667 1962 Secundum
681 1903 855 1962 ilsottltaeam
875 1902 917 1980 (o.
935 1904 1032 1975 4348,
1048 1905 1084 1960 oa'.
1103 1904 1149 1962 1-6
1152 1904 1176 1982 )

257 1988 296 2045 In
316 1988 368 2045 illo
389 1993 529 2061 tempore,
553 1984 641 2041 Dixit
654 1985 743 2042 Jesus
764 1984 914 2061 discipulis
934 1985 994 2042 suis
1005 2007 1013 2057 3
1034 1984 1172 2042 Audistis
1193 1985 1265 2061 quia
1286 1985 1404 2043 dictum

197 2075 259 2140 est,
281 2069 394 2143 Diliges
414 2067 585 2142 proximum
605 2072 693 2123 tuum
712 2086 802 2140 usquc
823 2067 863 2123 od
884 2066 974 2123 Pater
989 2072 1060 2123 tuus
1073 2066 1126 2142 qui
1139 2067 1222 2124 videt
1235 2067 1270 2122 in
1283 2067 1406 2124 abscon-

196 2151 267 2222 dito,
284 2149 388 2204 reddet
401 2147 465 2204 tibi.
849 2142 852 2147 ’

259 2228 451 2302 Offirtoriam.

259 2309 394 2382 Domine,
411 2307 528 2377 vivifica
548 2327 595 2365 me
614 2309 774 2365 secundum
788 2308 937 2384 eloquium
950 2313 1055 2367 tuum:
1077 2313 1112 2365 ut
1126 2309 1217 2365 sciam
1230 2306 1407 2365 testimonia

199 2399 259 2450 tua.

260 2470 381 2530 Secreto.

259 2550 448 2622 Sacrificium,
466 2550 602 2626 Domine,
617 2549 810 2607 observantiae
825 2550 1082 2626 quadragesimalis
1096 2551 1264 2608 offerimus:
1284 2557 1406 2626 praesta,

198 2652 374 2711 quaesumus,
396 2637 432 2688 ut
453 2631 510 2687 tibi
534 2637 564 2687 et
588 2636 700 2687 mentes
724 2636 839 2688 nostras
862 2631 967 2688 reddat
991 2637 1130 2708 acceptes,
1156 2638 1187 2690 et
1211 2631 1407 2689 continentiae

199 2714 336 2773 salutaris
350 2713 434 2770 nobis
448 2712 562 2769 tribuat
574 2712 751 2769 facrrltatem.
794 2711 853 2769 Per
866 2712 1037 2770 Dominum.

261 2794 442 2854 Communia

259 2877 374 2935 Servite
386 2874 515 2932 Domino
529 2874 562 2930 in
572 2875 696 2931 timore:
718 2879 748 2930 et
759 2874 892 2931 exultate
906 2873 933 2930 ei
943 2893 1011 2931 cum
1021 2880 1166 2932 tremore:
1187 2875 1406 2951 apprehendite

198 2958 394 3035 disciplinam,
405 2977 442 3013 ne
456 2957 582 3033 pereatis
595 2955 632 3012 de
646 2955 696 3011 via
704 2955 795 3030 justa.

259 3038 502 3097 Postcommuaio.

259 3120 404 3197 Spiritum
424 3118 515 3190 nobis,
540 3116 676 3190 Domine,
697 3121 758 3173 tuae
779 3115 912 3173 caritatis
932 3116 1065 3188 infunde,
1086 3122 1122 3173 ut
1146 3136 1220 3193 quos
1244 3137 1306 3175 uno
1330 3138 1409 3196 pane

199 3202 309 3259 caelesti
340 3200 463 3270 satiasti,
492 3205 545 3268 tua
571 3198 659 3254 facias
693 3197 803 3273 pietate
831 3198 993 3255 concordes.
1050 3197 1110 3255 Por
1134 3198 1309 3257 Dominum.
1369 3199 1409 3258 In

88 3320 89 3324 κ
201 3283 318 3338 unitate
335 3279 472 3355 ejusdem.

262 3361 357 3435 Super
370 3358 527 3434 Populum.

263 3441 366 3511 Tuere,
392 3439 530 3510 Domine,
552 3436 695 3514 populum
715 3443 810 3508 tuum,
831 3444 862 3496 et
883 3440 920 3496 ab
943 3440 1078 3497 omnibus
1098 3441 1226 3516 peccatis
1246 3442 1411 3501 clementer

201 3521 330 3660 ἷηέιῐῧὶἓ
326 3541 355 3658 n,
356 3538 448 3656 1qu
452 3519 536 3575 nulla
548 3518 576 3576 ei
591 3519 709 3576 nocebit
729 3519 900 3593 adversitas,
915 3521 941 3578 si
960 3521 1044 3579 nulla
1064 3521 1235 3580 dominetur
1254 3523 1408 3601 iniquitas.

732 3735 879 3795 Sarrano.

264 3844 314 3902 As
327 3843 459 3901 Missum.
504 3840 642 3917 Officium.

226 3975 229 3981 .
264 3923 395 3983 Audivit
409 3922 562 3982 Dominus

266 4004 375 4064 Oratio.

266 4085 487 4145 Observationis
506 4084 596 4161 hujus
612 4085 721 4161 jejunii
741 4105 841 4142 annua
867 4086 1037 4145 celebritate
1064 4088 1206 4161 laetantes,
1230 4109 1412 4165 quaesumus,

206 4168 343 4241 Domine,
358 4173 394 4225 ut
407 4166 706 4243 quadragesimalibus
721 4167 887 4224 actionibus
900 4169 1086 4242 inhaerentes,
1103 4169 1198 4245 plenis
1219 4171 1285 4246 ejus
1306 4174 1415 4232 effecti-

203 4249 260 4308 bus
271 4248 458 4328 gaudeamus.
501 4245 559 4304 Per
573 4245 743 4305 Dominum.

264 4328 363 4399 Lectio
375 4328 475 4399 Eraria
482 4327 638 4404 Prophetae
656 4328 746 4406 (latit.
764 4329 857 4407 9-14).

317 4430 343 4464 »a
352 4406 429 4471 'elicit
441 4408 598 4480 Dominus,
613 4407 645 4466 si
665 4409 821 4468 abstuleris
841 4411 878 4470 de
898 4413 995 4472 medio
1011 4413 1059 4471 tui
1072 4419 1205 4472 catenam
1220 4435 1313 4493 aspare
1328 4419 1370 4476 od
1383 4437 1416 4476 os

377 4490 428 4551 dni
439 4490 572 4550 locutum
586 4495 632 4549 est
644 4489 714 4550 haec.
