2918 4986
321 392 322 396 ,
343 337 438 404 Doro.
461 338 548 404 acic.
568 347 644 425 post
668 339 804 406 Oetaeos
824 340 1029 407 Pentecosten
1226 343 1288 403 251

82 505 231 584 principis.
277 505 387 563 Everte
400 525 450 563 cor
463 507 527 580 ejus
540 506 574 563 in
587 506 688 564 odium
707 509 938 584 repugnantium
958 507 1098 580 nobis-et
1118 507 1152 564 in
1172 525 1219 566 eos
1239 508 1292 582 qui

84 587 276 645 consentiunt
289 587 348 644 eis:
369 607 424 644 nos
437 593 537 644 autem
550 586 644 646 libera
657 588 690 644 in
703 607 793 645 manu
807 594 868 659 tua,
881 589 963 647 Deus
973 582 1082 661 noster,
1094 586 1127 644 in
1137 592 1289 662 aeternum.

146 667 267 726 Secreta.
573 679 575 682 ’

148 748 204 821 Da,
215 768 392 823 quaesumus,
404 749 568 806 misericors
579 749 670 820 Deus,
682 756 717 807 ut
730 749 793 808 haec
806 749 944 808 salutaris
958 749 1077 823 oblati0,
1090 756 1121 808 et
1134 769 1152 808 a
1165 749 1293 826 propriis

86 849 141 887 nos
153 830 285 887 reatibus
298 829 501 886 indesinenter
514 830 661 906 expediat,
676 837 707 888 et
720 831 757 888 ab
771 831 909 888 omnibus
922 837 1044 889 tueatur
1056 830 1194 889 adversis
1235 830 1297 887 Per

88 911 252 969 Dominum
265 916 401 967 nostrum
415 910 436 968 J
438 930 520 968 esum
534 910 693 968 Christum

150 991 331 1050 Communia.
375 991 450 1048 Dico
464 991 555 1050 vobis

148 1072 389 1129 Postcommanc'o.

150 1153 342 1229 Sumpdmns
362 1152 500 1225 Domine,
519 1152 595 1210 sacri
614 1154 692 1211 dona
709 1153 843 1229 mysterii
859 1153 1014 1212 humiliter
1031 1153 1239 1231 deprecantes,
1259 1156 1295 1209 ut

89 1253 155 1309 quae
175 1234 208 1290 in
228 1234 274 1290 tui
294 1233 570 1291 commemoratione
589 1253 643 1291 nos
667 1235 761 1292 facere
775 1236 945 1312 praecepisti,
961 1235 995 1292 in
1011 1242 1119 1293 nostrae
1140 1235 1296 1311 proficiant
1357 1254 1361 1260 ·
1383 1296 1385 1300 ,

89 1315 272 1372 infirmitatis
285 1315 438 1373 auxilium.
482 1314 541 1372 Per
554 1314 718 1373 Dominum
731 1321 863 1373 nostrum
877 1317 983 1394 Jesum
998 1315 1157 1374 Christum.

566 1489 676 1559 Fran
687 1501 823 1570 Quinra

152 1620 204 1677 Ad
218 1620 399 1679 Timotheum
421 1622 452 1700 (2
466 1621 486 1679 i.
504 1622 594 1699 8-12.)

153 1701 328 1760 Carissime:
349 1703 423 1760 Noli
442 1704 610 1761 erubescere
630 1703 834 1762 testimonium
854 1722 944 1778 usque
965 1703 1005 1761 ad
1025 1701 1191 1760 servarein
1211 1699 1298 1757 illurn

95 1783 180 1840 diem.
963 1800 966 1804 ·

153 1862 320 1922 Secundum
333 1863 509 1921 Matricem
529 1863 614 1942 (acii.
629 1863 746 1943 23-27).

155 1944 195 2002 In
211 1944 264 2002 illo
282 1952 421 2021 tempore,
443 1944 520 2002 (lum
535 1945 665 2003 venisset
681 1947 704 2004 ‚J
705 1966 770 2003 esus
792 1951 823 2003 et
845 1945 982 2022 discipuli
1003 1945 1067 2021 ejus
1089 1943 1298 2021 (lapharnaum
1320 1915 1324 1923 ⁵

81 2081 84 2087 .
97 2045 186 2099 usque
199 2027 240 2082 ad
253 2026 291 2083 da
304 2026 346 2083 eis
359 2046 413 2102 pro
427 2046 473 2084 me
487 2032 518 2084 et
530 2032 569 2085 te.

583 2186 682 2244 Fran
702 2185 810 2244 8111111.

157 2301 207 2359 Ad
222 2302 324 2359 Titum
343 2301 380 2380 (i.
399 2301 508 2360 15-tt.
527 2301 589 2379 10).

158 2383 332 2441 Carissime:
354 2383 463 2440 Omnia
475 2384 587 2440 munda
600 2384 718 2441 mundis
731 2403 822 2460 esque
835 2386 876 2442 ad
890 2390 997 2442 ornent
1010 2383 1042 2441 in
1056 2382 1201 2442 omnibus.

158 2463 325 2522 Secundum
338 2464 477 2522 Marcum
496 2464 563 2541 (cti,
582 2464 655 2541 1-8).

159 2544 200 2601 In
212 2544 264 2601 illo
277 2550 417 2621 tempore,
434 2544 646 2603 Convenerunt
658 2545 696 2602 ad
709 2546 731 2603 J
732 2565 814 2603 esum
832 2545 975 2603 Pharisaei
995 2565 1086 2621 usque
1106 2545 1147 2602 ad
1168 2546 1306 2601 tenentes

101 2625 289 2682 traditionem
303 2625 463 2684 hominum.

223 2810 383 2869 Doumrca
404 2810 560 2870 V1crs1ua
580 2829 703 2880 ournra
724 2827 795 2870 rosr
816 2812 957 2870 Ocrnvrs
978 2810 1196 2868 Purrucosrra

165 2934 305 3010 Officium.
350 2936 384 2994 Si
396 2936 579 3014 iniquitates

166 3016 275 3075 Oratio

164 3097 305 3169 Absolve,
318 3118 494 3174 quaesumus,
508 3098 644 3171 Domine,
657 3106 778 3157 tuorum
791 3099 899 3157 delicta
913 3098 1089 3176 populorum
1099 3118 1108 3172 3
1129 3104 1165 3155 ut
1178 3118 1195 3155 a
1210 3117 1307 3175 pecca-

105 3183 204 3235 torum
226 3185 397 3237 nostrorum
419 3180 546 3237 nexibus
568 3200 633 3257 quae
652 3183 705 3256 pro
725 3185 828 3238 nostra
845 3181 1007 3258 fragilitate
1027 3181 1238 3252 contraximus,
1253 3185 1307 3236 tua

107 3259 289 3336 benignitate
302 3260 470 3319 liberemur.
514 3261 573 3319 Per
585 3263 758 3320 Dominum.

167 3339 217 3397 Ad
232 3338 407 3399 Oolosseasee
427 3342 444 3417 (
445 3342 464 3400 i.
482 3341 580 3419 9-11)

118 3470 120 3474 Α
168 3421 301 3479 Fratres:
323 3422 395 3479 Non
409 3443 555 3480 cessamus
568 3443 621 3500 pro
635 3424 719 3480 vobis
733 3429 850 3481 orantes
864 3444 954 3498 usqae
968 3425 1009 3481 act
1022 3424 1054 3480 in
1068 3422 1150 3480 omni
1163 3420 1308 3500 patientia

107 3508 137 3559 et
151 3502 375 3641 logffiirlreritate
389 3523 455 3560 cum
473 3505 589 3580 gaudio.
632 3505 672 3562 In
689 3505 808 3564 Christo
821 3505 844 3563 J
845 3524 896 3563 esu
910 3505 1041 3562 Domino
1053 3510 1162 3562 nostro.

254 3604 273 3640 a
300 3626 306 3640 ⁸
1065 3597 1067 3600 ,

169 3663 244 3720 Ecce
258 3683 348 3739 quam
361 3665 481 3723 bonum.

114 3744 144 3802 V.
171 3744 255 3801 Sicut
268 3752 464 3822 unguentum.
533 3817 535 3822 Ι

170 3824 319 3901 Alleluya.
369 3826 398 3884 V.
423 3827 483 3896 Qui
496 3833 589 3885 sanat.

169 3905 337 3964 Securrdwm
350 3907 525 3966 Mattlroeum
544 3908 601 3985 (ix.
620 3908 734 3984 18-26).

131 4051 133 4056 ,
169 3987 209 4043 In
218 3987 271 4045 illo
281 3993 423 4064 tempore,
435 3988 591 4066 Loquente·
603 3989 625 4046 J
626 4008 678 4046 esu
691 3990 729 4046 ad
743 3989 854 4060 turbas,
866 4008 939 4060 ecce,
951 3989 1087 4067 princeps
1100 4008 1178 4048 unus
1191 3987 1310 4046 accessit

108 4088 200 4143 aeqec
214 4069 255 4126 ad
268 4074 299 4127 et
313 4069 388 4126 exiit
400 4070 480 4127 sama
494 4070 556 4128 haec
569 4070 599 4127 in
615 4071 785 4128 universam
798 4077 910 4128 terram
923 4070 1014 4128 illam.

171 4149 364 4222 Offertcrc'am.
407 4151 583 4224 Recordare,
599 4152 678 4227 quod
691 4152 833 4209 steterim.

171 4229 293 4288 Secreta.

171 4310 231 4368 Pro
258 4316 367 4369 nostrae
395 4311 550 4371 servitutis
572 4318 731 4390 augmento
761 4312 937 4371 sacrificium
963 4312 1029 4384 tibi,
1054 4311 1190 4384 Domine,
1215 4309 1311 4368 laudis

109 4391 267 4464 offerimus,
296 4399 412 4469 praesta,
434 4413 611 4469 quaesumus,
631 4401 667 4452 ut
693 4394 771 4471 quod
798 4394 955 4452 immeritis
982 4392 1144 4466 contulisti,
1165 4392 1311 4471 propitius

10 4511 20 4523 -
111 4473 290 4548 exsequaris.
332 4473 398 4532 Per.
