2918 4986
455 334 639 401 Dominioo
652 334 695 401 ia
708 333 972 420 septuagesima.

344 550 498 607 {mmmm
518 565 633 618 orrum
653 565 724 608 rosr
745 548 886 609 Ocrnvss
906 548 1099 607 munima

180 685 227 743 Ad
247 683 377 741 Miscere.
422 682 561 757 Officium.
604 681 736 740 Adorate
750 682 856 741 Deum.

181 764 291 823 (irat-1¹0.

182 844 339 907 Faruiliam
360 850 451 915 tuam,
475 840 649 921 quesumus,
674 844 811 914 Domine,
835 843 978 901 continue
1003 843 1115 921 pietate
1142 843 1272 916 custodi,
1297 850 1332 901 ut

119 946 184 1007 quse
212 926 244 985 iu
271 924 334 983 sola
361 944 412 1003 spe
438 925 540 1001 gratim
570 925 693 983 caelestis
726 925 877 997 innititur,
906 930 961 982 tua
993 944 1110 1001 semper
1143 925 1332 1001 protectione

121 1007 281 1067 amatur.
324 1004 383 1063 Per
397 1004 567 1064 Dominum.

183 1088 230 1146 ml
244 1086 419 1145 aaronem
432 1086 493 1163 (iii.
513 1086 618 1163 12-17)

183 1168 321 1227 t'mtrea:
351 1166 473 1225 luduite
492 1187 543 1225 vos
560 1168 637 1225 sicut
655 1166 741 1225 electi
765 1167 824 1225 Dei
847 1186 938 1242 usque
961 1168 1002 1226 ad
1025 1167 1091 1225 Deo
1115 1172 1148 1225 et
1171 1166 1261 1225 Patri
1279 1186 1331 1244 per

122 1250 224 1309 desum
239 1248 392 1307 clariacum
407 1247 570 1306 Dominum
584 1254 724 1305 nostrum.

184 1328 317 1389 t'rmlala
374 1329 534 1388 'l'imebunt
567 1336 677 1407 gentes.
734 1329 881 1405 Alleluya
940 1329 969 1388 V.
1004 1328 1152 1386 Dominus
1182 1328 1327 1407 regnavit,

123 1410 238 1471 exultet
252 1418 337 1471 tima.
1184 1448 1187 1453 -

182 1492 349 1551 termulrma
363 1492 472 1551 lmoam
486 1492 540 1567 (iv.
559 1490 671 1568 1422).

185 1574 221 1633 lu
246 1573 298 1633 illo
317 1580 455 1651 usrnporo,
478 1573 639 1650 Regressus
662 1578 707 1630 est
721 1572 810 1630 Jesus
831 1591 921 1648 usquc
942 1573 983 1630 ad
1004 1567 1204 1648 procedebant
1224 1572 1262 1630 de
1282 1590 1328 1629 ore

125 1672 221 1713 ursum

136 1674 145 1731 ί
183 1735 375 1809 offertorium.
420 1734 552 1792 Dextera
566 1733 696 1791 Domini

183 1818 303 1876 sistarcia.

186 1897 308 1955 llosttm
336 1896 400 1967 tibi,
424 1895 561 1967 Domine,
584 1894 758 1971 placationis
785 1896 944 1969 offerimus,
972 1901 1008 1952 ut
1035 1901 1066 1953 et
1095 1896 1206 1954 delicta
1231 1901 1326 1954 nostra

125 1978 279 2039 superaus
292 1976 435 2047 ulrnolvcs,
451 1984 482 2033 ot
495 1977 643 2033 mutantia
657 1977 744 2035 corda
757 1983 792 2035 ιιι
806 1977 922 2055 dirigas.
947 2011 950 2017 ·
966 1976 1026 2034 Per

189 2056 335 2131 l'ruylrtio.
380 2057 457 2127 Quia
470 2077 522 2133 per
535 2057 688 2115 incarnati.

187 2138 368 2195 llomrnwuim
413 2137 608 2197 Mirabantur.

190 2218 427 2278 l'oslzmumunio.

187 2304 369 2370 Qumsumus,
385 2300 571 2375 ‹irunipotens
590 2293 680 2372 Deus,
701 2308 736 2358 ut
756 2300 837 2357 illius
859 2300 995 2357 salutaris
1016 2300 1167 2377 capiamus
1187 2301 1327 2370 effectum,

126 2380 209 2457 cujus
223 2399 275 2459 per·
289 2380 349 2439 lmm
366 2381 504 2457 mysteria
519 2383 625 2459 pignus
639 2381 811 2458 accepimus.
862 2381 921 2438 Per
935 2381 1107 2439 Dominum.

510 2560 610 2618 Firma
632 2561 763 2630 Quaeri
783 2577 821 2617 nr
843 2561 951 2620 Sarra

189 2691 323 2771 lt'pistolm
336 2702 361 2751 ct
376 2693 546 2769 docmata,
560 2702 594 2751 ut
608 2713 701 2769 supro
713 2694 747 2751 iu
761 2694 924 2753 Dorniuc'ea.

491 2877 651 2936 Donrmoa
674 2894 706 2934 m
729 2875 970 2935 Semuasssmn.

191 3010 238 3067 ml
254 3010 384 3069 ulliacum.
428 3008 566 3085 Officium.

189 3090 455 3149 (lireumdmlcruut
474 3110 520 3149 me
538 3091 665 3166 gemitus
679 3092 783 3147 mortis
795 3111 803 3162 ;
831 3090 944 3147 dolores
957 3089 1067 3146 inferni
1081 3089 1334 3149 circumdederunt

131 3190 195 3229 roe:
223 3180 254 3227 ct
268 3171 297 3229 iu
313 3172 504 3231 tribulatione
519 3191 584 3229 mea
597 3171 733 3230 invocavi
752 3170 924 3243 Dominum,
941 3176 972 3228 et
992 3169 1147 3227 exaudivit
1168 3170 1206 3228 de
1229 3169 1334 3248 templo

130 3260 231 3311 sermm
245 3272 297 3309 suo
313 3272 412 3309 vocem
427 3271 530 3310 incarn.

196 3332 336 3391 l'nalmus.

193 3412 320 3487 Diligam
334 3420 373 3484 tc,
390 3412 526 3482 Domine,
542 3411 686 3471 fortitudo
699 3433 786 3472 mea:
817 3412 965 3473 Dominus
982 3412 1205 3479 firmamentum
1228 3432 1332 3484 meum,

131 3500 162 3551 et
176 3493 321 3569 refugium
336 3512 443 3564 meum,
460 3499 489 3551 et
503 3492 645 3552 liberator
658 3514 747 3552 meus.

194 3572 303 3631 Oratim.

194 3652 298 3713 Preces
325 3653 427 3733 populi
453 3654 509 3727 tui,
532 3673 708 3731 quaesumus,
732 3656 870 3730 Domine,
893 3656 1053 3714 clementer
1074 3655 1200 3713 exaudi:
1233 3662 1269 3715 ut
1290 3655 1339 3733 qui

130 3738 210 3811 juste
224 3754 276 3813 pro
291 3736 417 3814 pcccatis
431 3736 539 3793 nostris
553 3736 718 3813 affligimur,
733 3757 787 3814 pro
801 3738 848 3795 tui
861 3738 990 3795 nominis
1005 3737 1099 3814 gloria
1112 3736 1339 3795 misericorditer

135 3817 299 3875 liberemur.
344 3816 403 3874 Per
417 3817 588 3875 Dominum.

195 3896 333 3973 diastole.
376 3896 425 3955 Ad
440 3896 607 3957 Corinthios
620 3897 638 3975 (
641 3899 655 3955 1
671 3899 710 3956 ir.
727 3898 824 3969 24-27,
839 3919 866 3956 x.
885 3898 958 3976 1-4)

195 3977 333 4037 Fratres:
356 3978 486 4037 Nescitis
500 3980 579 4057 quod
597 3979 650 4056 qui
667 3980 699 4036 in
713 3980 808 4038 stadio
822 3986 947 4037 currunt
962 4000 1053 4055 usquc
1074 3980 1115 4037 od
1134 3984 1222 4055 petra
1241 3986 1340 4038 autem

136 4065 201 4117 «erat
215 4057 356 4117 Christus.
619 4073 622 4083 ’

199 4138 333 4195 (lradole.

198 4219 331 4295 Adjutor
357 4220 390 4276 in
417 4221 697 4297 opportunitatibus,
722 4223 754 4279 in
777 4223 992 4280 tribulatione:
1027 4228 1146 4298 sperent
1173 4221 1208 4279 in
1234 4229 1267 4280 te
1294 4223 1345 4299 qni

137 4304 283 4358 noverunt
298 4304 337 4369 te,
353 4301 492 4376 quoniam
507 4321 566 4358 non
581 4302 759 4378 derelinquis
774 4310 938 4378 quaerentes
951 4310 991 4374 te,
1008 4303 1144 4361 Domine.

146 4378 346 4451 aduentam
370 4400 430 4439 non
453 4381 486 4440 in
506 4384 594 4441 finem
615 4383 724 4441 oblivio
746 4385 804 4441 erit
824 4385 980 4461 pauperis:
1013 4384 1157 4459 patientia
1180 4403 1347 4462 pauperum

136 4476 198 4519 nnn
209 4457 321 4541 peribit
333 4458 367 4516 in
379 4468 523 4523 oeternum
535 4485 542 4523 :
563 4484 697 4542 exsurge,
713 4465 848 4538 Domine,
864 4485 925 4523 non
938 4465 1097 4542 praevaleat
1111 4464 1207 4522 home.
