2918 4986
184 382 227 449 90
507 378 901 449 Perictiflcbdoamdae
914 380 1056 449 samm

188 545 219 605 V.
245 545 356 605 Omnes
377 546 435 624 qui·
452 547 595 606 ridebant
614 566 671 620 me,
686 547 923 626 aspernabantur
942 567 1008 607 me:
1038 544 1131 606 locuti
1150 553 1223 607 sunt
1243 547 1341 622 labiis,
1361 555 1398 609 et

184 634 342 685 moverunt
355 635 453 704 caput.

189 707 217 767 V.
244 707 382 786 Sperarit
402 709 434 766 in
447 708 587 782 Domino,
603 709 711 787 eripiat
727 730 814 768 eum:
834 709 949 768 salvum
962 709 1053 769 faeiat
1071 729 1149 783 eum,
1164 710 1309 787 quoniam
1326 711 1396 769 vult

187 807 310 947 ilinlpsi
322 889 392 927 vero
405 869 667 929 consideraverunt
687 876 718 929 et
737 870 933 948 inspexerunt
951 890 1017 930 me:
1045 870 1213 931 diviserunt
1231 872 1290 930 sibi
1303 872 1396 931 vesti·

183 957 284 1008 menta
298 970 371 1022 mea,
388 958 419 1009 et
432 971 521 1028 super
534 958 647 1009 vestem
662 971 758 1009 meam
771 952 918 1009 miserunt
931 960 1049 1010 sortem

191 1030 221 1089 V.
249 1030 358 1089 Libera
375 1051 423 1090 me
447 1032 484 1090 de
507 1051 558 1090 ore
579 1032 689 1091 leonis:
720 1039 751 1090 et
772 1054 791 1090 a
812 1033 951 1090 cornibus
971 1033 1160 1091 unicornium
1184 1033 1391 1092 humilitatem

185 1130 307 1264 1iiiiaglii
319 1193 432 1251 timetis
445 1192 619 1268 Dominum,
633 1193 752 1252 laudate
766 1213 852 1252 eum:
874 1194 1047 1252 universum
1060 1213 1160 1252 semen
1168 1193 1264 1252 Jacob
1278 1194 1395 1272 magni-

184 1273 487 1415 iiatrldddiiciabitur
514 1354 644 1414 Domino
671 1354 822 1434 generatio
844 1360 992 1414 ventura:
1022 1360 1054 1415 et
1077 1355 1302 1414 annuntiabunt
1327 1355 1391 1414 caeli

179 1435 330 1513 justitiam
345 1437 416 1512 ejus.

191 1516 219 1577 V.
245 1516 359 1595 Populo
372 1517 426 1595 qui
439 1522 595 1575 nascetur:
622 1536 709 1594 quem
729 1516 800 1575 fecit
814 1516 970 1574 Dominus.

244 1598 351 1657 Lector.
395 1598 543 1656 Dominus
556 1598 716 1656 vobiscum.
759 1597 795 1656 R.
819 1598 941 1656 Etcum
955 1597 1063 1675 spiritu
1076 1602 1138 1658 tuo·

243 1679 348 1775 {bomo
375 1679 500 1738 Domini
526 1678 620 1737 nosti
643 1678 718 1737 Jcsu
743 1678 874 1739 Christi:
904 1678 1073 1738 Secundum
1095 1677 1274 1738 Mattltoemn
1293 1677 1389 1757 (mcvi.

184 1760 538 1918 midiiipomemm
551 1839 654 1897 Gloria
665 1840 724 1898 tibi
739 1840 870 1899 Domini

245 1921 284 1980 In
309 1921 361 1979 illo
388 1930 529 1997 tempore,
554 1920 644 1978 Dixit
674 1920 763 1979 Jesus
791 1921 942 1998 discipulis
969 1921 1055 1979 suis:
1094 1920 1183 1979 Scitis
1214 1921 1289 1998 quia
1320 1927 1389 1998 post

183 2001 308 2061 biduum
329 2002 443 2061 Pascha
462 2001 514 2060 fiet
533 2021 624 2077 usquc
644 2001 685 2059 ed
700 2000 798 2079 (cccii.
816 2001 867 2080 50)
882 2021 953 2060 voce
966 2022 1074 2080 magna
1086 2002 1185 2060 emisit
1199 2002 1349 2079 spiritum.

681 2098 772 2157 Pater
790 2104 898 2158 noster.

184 2196 226 2255 m
240 2215 305 2255 ecce
318 2195 418 2254 velum
431 2193 536 2271 templi
548 2194 670 2252 scissum
683 2201 747 2267 est;
773 2216 864 2271 usquc
881 2197 922 2253 cd
942 2196 1076 2254 sedentes
1097 2201 1202 2254 contra
1215 2197 1395 2275 sepulcrum·

245 2276 447 2352 Ecuaqelt'um.
490 2274 658 2334 bbcucdum
671 2275 848 2334 Mattlaaeum
860 2275 965 2355 (ammi.
984 2277 1098 2355 62-66).

246 2357 355 2416 Altera
376 2363 477 2414 autem
498 2356 553 2426 die,
568 2376 633 2433 quae
652 2363 698 2415 est
719 2363 786 2434 post
808 2357 999 2430 Parasceven,
1017 2364 1223 2416 convenerunt
1243 2358 1396 2436 principes

184 2458 275 2515 usque
289 2439 328 2497 ad
350 2437 402 2495 Illi
422 2444 523 2496 autem
543 2438 695 2512 abeuntes,
711 2438 885 2497 munierunt
898 2438 1074 2515 sepulcrum,
1088 2440 1239 2517 signantes
1253 2440 1391 2518 lapidem,

189 2538 256 2579 cum
272 2519 451 2580 custodibus.
542 2569 544 2576 s
1139 2537 1142 2542 ⁴

248 2600 440 2674 Offcrtmtum.

246 2681 465 2758 Improperium
489 2680 658 2759 expectavit
677 2700 728 2739 cor
747 2700 856 2754 meum,
878 2686 909 2738 et
929 2680 1096 2739 miseriam:
1124 2685 1155 2739 et
1178 2681 1319 2751 sustinui,
1341 2682 1394 2759 qui

186 2761 275 2822 simul
288 2763 524 2835 contristaretur,
535 2768 565 2820 et
575 2781 636 2820 non
649 2761 707 2820 fuit
719 2783 726 2820 t
746 2763 946 2820 consolantem
956 2782 1003 2820 me
1014 2762 1145 2839 quaesivi,
1157 2768 1189 2820 et
1198 2782 1261 2820 non
1273 2763 1395 2821 inveni:

186 2848 217 2904 et
230 2843 376 2903 dederunt
389 2843 422 2901 in
435 2863 530 2901 escam
543 2862 640 2901 meam
653 2843 712 2916 fel;
733 2849 763 2901 et
776 2845 808 2900 in
822 2843 873 2900 siti
886 2863 952 2900 mea
964 2849 1144 2920 potaverunt
1158 2863 1205 2901 me
1219 2851 1312 2903 aceto.

247 2923 367 2986 Secreto.

247 3004 389 3078 Concede,
405 3024 581 3081 quaesumus,
605 3005 743 3077 Domine,
766 3012 801 3063 ut
822 3005 914 3063 oculis
931 3011 991 3062 tuae
1010 3005 1173 3081 majestatis
1192 3025 1302 3063 munus
1317 3004 1394 3063 obla·

186 3093 252 3147 tum
268 3094 298 3147 ot
312 3088 439 3165 gratiam
453 3087 537 3145 nobis
551 3087 717 3146 devotionis
731 3086 873 3158 obtineat,
887 3092 918 3144 et
936 3087 1072 3144 effectum
1086 3087 1179 3144 beatae
1196 3087 1394 3164 perennitatis

187 3169 327 3247 acquirat.
371 3167 430 3226 Per
445 3167 617 3226 Dominum.
1422 3174 1429 3189 ⁸

247 3248 398 3325 Prufirtio.
441 3249 501 3318 Qui
514 3250 640 3307 salutem
653 3247 777 3307 humani
790 3247 913 3325 generis

252 3328 433 3389 Oornrnmnio.

249 3409 348 3484 Pater,
360 3410 386 3468 ai
400 3429 460 3467 uon
468 3414 566 3486 potest
579 3409 628 3468 hic
642 3410 720 3468 calix
730 3410 866 3485 transire,
880 3409 939 3468 nisi
951 3409 1054 3468 bibam
1063 3409 1150 3468 illum
1162 3430 1169 3469 :
1190 3409 1246 3470 fiat
1256 3410 1396 3470 volimtas

189 3496 251 3550 tua.

189 3563 203 3619 ὀ
250 3570 495 3629 Poatcommuuio.

250 3652 309 3710 Per
322 3651 418 3727 hujus,
435 3651 571 3722 Domine,
586 3652 786 3728 operationem
799 3653 943 3731 mysterii,
959 3659 991 3711 et
1003 3652 1079 3711 vitia
1091 3658 1194 3712 nostra
1213 3658 1391 3732 purgentur,

189 3738 220 3792 et
229 3732 312 3811 justa
326 3732 469 3792 desideria
482 3733 691 3810 compleantur.
734 3734 794 3792 Per
807 3735 980 3795 Dominum.

653 3942 754 4002 Fama
775 3943 929 4004 Securos.

252 4022 391 4099 Officium.

250 4106 272 4163 J
275 4106 367 4177 udicu,
384 4104 520 4176 Domine,
534 4110 671 4162 nocentes
685 4125 740 4176 me,
752 4126 890 4183 expugna
902 4107 1110 4183 impugnantes
1123 4124 1189 4178 me3
1209 4105 1396 4182 apprehende

190 4207 272 4244 arma
282 4193 313 4244 ct
326 4192 455 4244 scritum:
478 4191 508 4243 et
521 4205 645 4263 exsurge
659 4187 691 4243 in
705 4186 887 4263 adjutorium
901 4207 1014 4246 meum:
1035 4186 1173 4260 Domine,
1184 4187 1283 4244 virtus
1293 4187 1398 4246 salutis

190 4287 269 4327 meae.
1111 4271 1115 4277 ”

252 4348 396 4406 Paulinus.

250 4428 376 4487 Effuuda
390 4429 549 4487 frameam:
580 4435 610 4487 et
630 4429 771 4487 conclude
792 4430 932 4490 adversus
953 4450 1002 4490 eos
1020 4429 1073 4507 qui
1090 4449 1137 4488 me
1157 4434 1394 4508 persequuntur:

190 4507 237 4569 dic
250 4510 356 4569 animia
369 4530 449 4584 mam,
465 4511 550 4569 Salus
564 4516 618 4569 tua
630 4529 683 4588 ego
697 4530 770 4568 sum.
