2918 4986
293 389 433 456 Sobboto
449 389 615 470 Quattuor
631 388 832 474 Temporarn
847 387 1028 452 Adventus.
1241 392 1260 451 9

60 553 210 616 Lectiones
231 578 297 614 carn
320 557 382 615 suis
404 557 497 614 titulis
519 557 659 631 tepenter.
713 556 820 613 Prima
836 553 933 612 Lectio
951 575 971 611 a
989 553 1119 611 Diacono
1142 554 1261 628 deputer,

61 648 157 696 seteroe
180 637 327 696 Lectiones
353 657 373 695 a
399 637 521 696 Vicoriie
548 639 581 693 ia
604 636 820 712 Superpetlieeis
843 637 877 693 ira
896 635 989 693 medio
1012 634 1100 694 Ultori
1121 633 1262 710 teporatur.

124 718 233 777 Oratio.

124 800 215 872 Deus,
239 799 292 877 qui
315 799 456 876 conspicis
478 799 548 873 quia
571 819 609 856 ex
629 804 731 855 nostra
757 798 905 874 pravitate
928 796 1106 874 affligimur:
1141 796 1265 854 concede

61 881 217 958 propitius,
233 886 268 937 ut
281 899 318 936 ex
333 886 386 937 tua
398 880 568 937 visitatione
582 880 770 937 consolemur.
815 878 875 948 Qui
888 878 964 935 vivis
978 886 1008 936 et
1022 897 1133 955 regnas.

124 962 220 1020 Lectio
232 961 332 1018 Esaire
345 960 496 1035 Prophetae
508 959 583 1037 (oria.
601 960 715 1035 20-22).

126 1041 166 1099 In
192 1042 295 1100 diebus
322 1041 390 1114 illis,
415 1042 594 1099 Clamabunt
620 1041 658 1098 ad
685 1041 847 1098 Dominum
875 1061 965 1116 uaqrte
996 1042 1036 1098 od
1069 1040 1185 1097 sanabit
1218 1059 1266 1097 eos

63 1123 213 1181 Dominus
226 1122 308 1180 Deus
321 1129 428 1180 noster.

128 1203 243 1262 &udat
255 1248 261 1261 .

125 1285 160 1341 A
173 1303 287 1342 summo
301 1284 371 1342 caelo
384 1283 509 1361 egressio
529 1285 612 1360 ejus:
643 1290 674 1340 ot
697 1303 832 1341 occursus
855 1285 917 1360 ejus
942 1303 1033 1359 usque
1057 1283 1095 1340 ad
1119 1302 1267 1340 summum

64 1385 137 1423 eus

72 1387 101 1505 θ’.
125 1445 198 1503 Oaeli
225 1451 364 1503 enarrant
389 1446 513 1522 gloriam
541 1445 619 1504 Dei:
654 1451 684 1502 et
711 1464 799 1521 opera
835 1465 978 1502 manuum
1017 1446 1079 1520 ejus
1106 1445 1266 1503 annuntiat

64 1527 292 1585 firmamentum.
334 1525 463 1584 Nullam
478 1526 604 1584 Gradote
616 1535 763 1602 repetatur
777 1535 845 1602 post
865 1525 988 1584 Versum.

129 1606 237 1665 Oratio.

51 1675 56 1687 ’
129 1687 270 1760 Concede,
284 1708 459 1765 quaesumus,
476 1688 661 1765 omnipotens
684 1688 774 1759 Deus,
797 1693 833 1746 ut
854 1688 906 1763 qui
927 1688 982 1744 sub
1004 1687 1116 1764 peccati
1135 1688 1208 1764 jugo
1229 1704 1267 1742 ex

65 1775 187 1827 vetusta
215 1771 358 1827 servitute
392 1771 591 1846 deprimimur,
623 1775 780 1845 expectata
813 1769 972 1845 Unigeniti
1006 1768 1078 1826 Filii
1111 1769 1158 1825 tui
1191 1786 1269 1824 nova

66 1849 226 1908 nativitate
239 1851 404 1908 liberemur.
449 1851 509 1920 Qui
522 1855 619 1907 tecum
633 1850 711 1907 vivit
724 1856 755 1913 et
767 1856 879 1927 regnat.

128 1929 225 1988 Lectio
239 1931 337 1988 Esurire
350 1931 500 2006 Propheta
514 1931 613 2009 (nexo.
632 1931 679 1990 1-7
680 1930 704 2008 )

129 2011 207 2069 Haeo
217 2011 290 2068 dicit
300 2011 463 2069 Dominus:
481 2012 647 2070 Laetabitur
660 2011 774 2069 deserta
784 2033 874 2087 usqae
888 2012 928 2069 ud
949 2013 983 2068 in
995 2011 1093 2087 fontes
1115 2029 1267 2088 aquarum,

65 2092 112 2150 ait
125 2092 272 2149 Dominus
285 2093 477 2168 omnipotens.

131 2171 262 2231 Gradaie.

129 2253 169 2310 In
182 2254 242 2310 sole
260 2255 359 2331 posuit
379 2255 603 2312 tabernaculum
625 2275 733 2313 suum:
762 2261 793 2312 et
814 2256 877 2332 ipse
898 2261 1040 2331 tanquam
1063 2273 1185 2332 sponsus
1206 2273 1271 2330 pro-

69 2335 174 2392 cedens
187 2335 223 2392 de
237 2335 366 2392 thalamo
380 2355 452 2397 suo..

74 2414 104 2472 V.
127 2416 159 2472 A
181 2435 295 2473 summo
316 2416 386 2474 eaelo
409 2417 534 2494 egressio
556 2418 639 2492 ejus:
671 2423 701 2474 et
719 2436 855 2474 occursus
873 2418 937 2493 ejus
955 2437 1049 2493 usque
1069 2417 1107 2474 ad
1120 2435 1270 2474 summum

70 2516 141 2572 eJus.

132 2577 240 2635 Oratio.

131 2657 274 2734 Indignos
295 2678 358 2730 nos,
373 2679 547 2735 quaesumus,
564 2660 701 2731 Domine,
717 2660 842 2717 famulos
863 2666 939 2732 tuos,
964 2679 1036 2736 quos
1060 2659 1183 2716 actionis
1208 2677 1272 2734 pro-

72 2738 142 2815 priae
156 2739 242 2815 eulpa
255 2740 419 2812 contristat,
431 2741 577 2816 unigeniti
591 2741 662 2797 Filii
676 2741 723 2798 tui
736 2742 867 2798 adventu
881 2740 1005 2799 laetifica.
1050 2740 1110 2809 Qui
1122 2746 1228 2798 tecum

132 2819 228 2877 Lectio
241 2819 340 2878 Esaiae
353 2821 505 2896 Propheta
518 2820 536 2898 (
556 2821 573 2878 l.
591 2820 685 2897 9-11).
1001 2819 1004 2825 ’

133 2900 208 2958 Haee
222 2902 295 2959 dicit
305 2902 466 2959 Dominus:
488 2902 583 2977 Super
596 2908 727 2959 montem
742 2903 889 2960 excelsum
902 2901 1024 2959 ascende
1038 2921 1127 2975 rnqrre
1141 2902 1182 2958 ad
1196 2906 1226 2958 et
1239 2901 1272 2957 in

76 2980 139 3040 sinu
153 3000 206 3039 suo
219 2982 332 3040 levabit
344 3001 393 3040 eos
406 2982 554 3040 Dominus
572 2982 655 3040 Deus
668 2988 776 3040 noster.

135 3060 268 3120 Gradute.

133 3143 262 3200 Domine
282 3144 366 3202 Deus
384 3144 541 3216 virtutum,
557 3150 695 3201 converte
716 3164 789 3201 nos:
818 3151 849 3202 et
871 3144 991 3201 ostende
1012 3143 1116 3200 faeiem
1137 3149 1221 3200 tuam
1243 3149 1273 3200 et
1304 3198 1308 3208 ,

78 3222 149 3280 salvi
165 3224 285 3283 erimus.

83 3303 110 3362 t.
133 3305 249 3377 Excitat,
266 3305 401 3379 Domine,
417 3306 580 3382 potentiam
594 3312 678 3363 tuam
692 3313 723 3364 et
736 3305 823 3364 veni:
843 3312 879 3363 ut
892 3306 988 3363 salvos
1000 3305 1089 3362 facias
1102 3325 1163 3362 noa.

135 3384 243 3444 Oratio.

133 3465 255 3539 Prasia,
266 3486 442 3543 quaesumus,
455 3469 640 3544 omnipotens
654 3468 744 3541 Deus,
759 3474 795 3527 ut
809 3468 880 3526 Filii
893 3468 939 3525 tui
953 3473 1080 3526 ventura
1093 3467 1274 3525 sollemnitas

79 3553 106 3603 et
124 3547 276 3624 praesentis
295 3548 380 3606 nobis
401 3549 471 3606 vitae
493 3549 622 3606 remedia
644 3549 775 3607 conferat
797 3556 827 3607 et
850 3549 973 3626 praemia
993 3555 1105 3607 aeterna
1126 3549 1273 3607 concedat.

80 3626 134 3685 Per
153 3628 286 3686 eundem.

134 3708 231 3767 Lectio
243 3708 344 3766 Eraiae
356 3709 507 3785 Prophetoe
520 3711 591 3786 (erlo.
613 3712 682 3788 1-8)

135 3788 210 3847 Haec
224 3790 297 3848 dicit
311 3790 459 3848 Dominus
475 3792 584 3849 christo
604 3812 670 3849 meo
685 3792 762 3868 Cyro
781 3813 871 3867 usqae
889 3793 930 3850 ad
950 3812 1003 3870 ego
1017 3792 1165 3850 Dominus
1179 3793 1277 3850 creavi

81 3887 150 3927 eum.

136 4031 253 4104 Excita,
268 4031 405 4106 Domine,
421 4034 585 4111 potentiam
598 4041 682 4092 tuam
696 4041 727 4091 et
740 4034 826 4092 veni:
847 4040 883 4091 ut
896 4034 991 4093 salvos
1004 4035 1092 4093 facias
1105 4055 1165 4093 nos.

86 4109 111 4169 V.
134 4111 195 4181 Qui
207 4113 285 4190 regis
298 4112 390 4171 Israel
405 4115 543 4174 intende:
565 4115 617 4192 qui
631 4115 750 4173 deducis
763 4115 847 4172 velut
860 4135 944 4173 ovem
958 4116 981 4175 J
981 4117 1077 4193 oseph.
1122 4116 1182 4185 Qui
1195 4115 1276 4174 sedes

80 4192 347 4275 snperCherubin:
367 4214 474 4272 appare
488 4215 585 4254 coram
599 4197 751 4272 Ephraim,
766 4196 932 4272 Benjamin,
948 4203 978 4255 et
992 4197 1135 4254 Manasse.

69 4340 72 4347 Ι
136 4271 277 4348 Seqniter
292 4273 393 4334 Oratio
407 4297 474 4334 curn
487 4278 612 4335 Oremus
627 4286 750 4335 tantam.

138 4354 243 4412 Preces
257 4356 357 4432 populi
370 4357 425 4430 tui,
441 4377 615 4433 quaesumus‚
628 4357 766 4432 Domine,
782 4360 942 4417 clementer
955 4358 1072 4428 exaudi,
1086 4362 1122 4414 ut
1135 4357 1187 4433 qui
1196 4358 1277 4433 juste

79 4453 131 4510 pro
143 4435 271 4512 peccatis
283 4437 394 4495 noetris
407 4439 572 4516 affligimur,
587 4440 707 4516 pietatis
723 4446 782 4516 tuae
796 4441 965 4511 visitatione
985 4438 1174 4496 consolemur.
1218 4437 1279 4506 Qui

80 4515 156 4573 vivis
169 4521 201 4574 et
213 4535 325 4594 regnas
