2918 4986
118 334 166 401 xii
644 331 788 419 Presuce.

121 500 271 559 romans
284 506 330 558 est
343 499 398 559 boo
411 517 537 577 presens
551 497 672 557 missale
686 498 723 556 sd
737 518 823 557 usum
838 499 962 576 insignis
976 498 1113 557 Ecclesia
1128 499 1325 557 Eboraoensis

122 581 262 659 insensa
284 580 400 640 boirasti
421 579 479 638 viri
505 579 643 655 Magistri
668 578 751 637 Petri
772 579 915 652 Violette,
937 580 1118 656 impressoris
1139 579 1324 656 Rothomagi

118 661 339 721 emanantis.

598 825 662 883 ΕΙ).
688 825 844 884 2.-1516.

185 986 306 1047 Missole
328 987 366 1045 arl
391 1006 476 1044 usum
501 985 695 1043 celeberrima
717 986 854 1045 Ecclesiae
876 985 1068 1043 Eboracensis
1088 985 1212 1062 optimis
1229 1005 1325 1044 carac-

124 1067 238 1127 teribus
264 1075 396 1127 reanum
427 1067 599 1142 impressum
631 1086 700 1124 cura
734 1066 871 1143 pervigili
904 1067 1090 1142 maxinmque
1117 1067 1326 1135 lucubratione

126 1148 296 1226 ambisque
310 1148 444 1226 pluribus
461 1147 648 1204 ornandatmn
662 1147 829 1223 sumptibus
844 1154 874 1205 et
887 1148 1023 1224 expensis
1036 1147 1057 1204 J
1059 1147 1184 1204 ohannis
1199 1146 1324 1219 Gachet,

127 1229 296 1288 ramanus
316 1229 437 1298 librarii,
456 1229 529 1286 bono
548 1229 646 1285 meriti
667 1229 758 1304 juxta
776 1227 928 1304 praefatam
942 1227 1092 1285 ecclesiam
1106 1229 1325 1285 commorantis

125 1308 215 1369 Aurio
239 1309 359 1368 Domini
373 1309 484 1367 deciiuo
504 1316 587 1367 sexto
610 1329 698 1385 supra
712 1308 901 1365 millesimum
920 1315 950 1365 et
972 1308 1255 1384 quingentesimum,
1279 1309 1327 1367 die

129 1407 196 1449 uero
209 1390 316 1468 quista
332 1390 493 1460 Februarii,
508 1390 686 1467 oonrplotum
701 1397 790 1464 atquo
804 1389 972 1466 perfectum.

187 1493 248 1556 ctu

264 1493 339 1554 fluxa,

188 1574 236 1635 sil
245 1516 368 1633 buidem
381 1582 412 1633 ct
425 1575 549 1650 glorium
563 1572 773 1648 omnipotentis
788 1572 845 1632 Dei
865 1581 896 1631 et
909 1575 1045 1650 Virginis
1064 1574 1169 1633 Maria
1184 1593 1218 1630 ac
1232 1574 1329 1632 totius

126 1656 216 1714 cirria
243 1655 367 1713 calatis
399 1662 552 1711 exoratum
585 1660 616 1710 et
643 1653 819 1730 completum
847 1674 879 1712 ac
907 1656 997 1712 etiam
1025 1656 1057 1711 in
1089 1655 1215 1730 pristino
1246 1661 1330 1712 statu

131 1737 279 1793 »eurum
294 1742 338 1793 cst
353 1737 407 1793 hoo
421 1753 547 1811 praesens
562 1733 727 1791 Missaleud
741 1754 827 1792 usum
837 1735 961 1812 insignis
972 1736 1109 1793 Ecclesiae
1126 1736 1327 1793 Ebomcensis.

131 1822 227 1893 lipom
247 1816 362 1873 borivsri
379 1815 445 1887 viri,
465 1814 602 1891 Magistri
617 1814 699 1872 Petri
715 1815 835 1888 Olivier,
854 1817 1036 1892 impresseris
1054 1817 1235 1891 Rothomagi
1254 1837 1332 1874 com-

132 1908 282 1955 seruantia,

608 2051 671 2109 ΕΙ).
696 2053 852 2113 3.-1517.

197 2130 276 2189 ‘lira

195 2210 316 2270 Misaalc
329 2211 366 2269 ml
382 2230 467 2269 usum
482 2211 674 2270 celeberrimae
689 2213 825 2271 Ecclesiae
835 2214 1029 2272 Eboraccnsis
1043 2215 1162 2291 optimis
1176 2217 1333 2273 caracteri-

135 2293 189 2352 bus
208 2292 366 2351 suavissimo
384 2291 557 2369 impressum
568 2313 637 2350 cura
646 2294 782 2370 pervigili
795 2296 982 2370 maximaque
997 2296 1201 2353 lucubratione
1215 2297 1333 2354 mendis

132 2372 334 2449 ‹simpluribus
356 2373 543 2430 emendatum
567 2381 655 2449 utque
677 2375 709 2431 in
732 2375 826 2432 forma
846 2377 981 2451 portatili
999 2377 1199 2452 marginatum
1222 2397 1280 2433 aere
1302 2385 1333 2434 et

136 2453 275 2531 impensis
304 2453 493 2511 honestorum
521 2455 651 2511 virorum
683 2454 835 2513 Guillelmi
865 2457 997 2513 Bernard
1021 2464 1051 2514 et
1080 2457 1186 2516 Jacobi
1208 2457 1331 2530 Cousin,

136 2533 361 2611 bibliopolarum
386 2533 564 2609 Rothcmagi
582 2536 752 2610 degentium
776 2544 845 2592 ante
869 2539 979 2594 atrium
1000 2538 1189 2607 librariorum
1213 2540 1334 2614 majoris

135 2614 262 2672 salmias
276 2622 365 2691 atquc
379 2615 411 2671 in
425 2615 486 2690 ipsu
500 2616 576 2672 atrio
594 2636 609 2672 c
628 2615 745 2691 regione
763 2617 850 2674 curiae
868 2619 1075 2676 ecclesiasticae.
1119 2618 1208 2675 Anno
1227 2619 1334 2676 salutis

137 2694 312 2753 Christianus
326 2695 437 2753 decimo
451 2696 574 2771 septimo
589 2716 676 2772 supra
690 2696 879 2756 millesimum
899 2700 1176 2776 quingentesimum,
1192 2699 1241 2756 die
1263 2720 1335 2756 vero

141 2776 275 2835 viuaima
288 2783 372 2835 sexta
386 2777 493 2834 mensis
507 2776 642 2835 Octobris
656 2777 839 2853 completum.

200 2880 353 2958 colapium.

199 2960 248 3021 Ad
262 2963 377 3021 laudem
391 2969 421 3020 et
435 2962 557 3040 gloriam
576 2965 785 3040 omnipotentis
805 2966 863 3022 Dei
878 2972 908 3023 et
926 2965 1061 3041 Virginis
1076 2965 1180 3021 Mariae
1195 2984 1228 3021 ac
1242 2965 1336 3022 totius

139 3042 227 3101 surim
255 3044 376 3101 emissis
403 3054 558 3102 exaratum
586 3052 616 3102 ct
647 3047 825 3122 completum
852 3067 885 3103 ac
919 3047 1009 3103 etiam
1039 3046 1072 3101 in
1100 3045 1226 3121 pristino
1254 3052 1337 3103 sta-tu

141 3123 290 3182 tellectum
305 3132 350 3181 ost
364 3124 417 3181 hoc
431 3143 556 3200 pressans
568 3125 689 3183 Missale
701 3128 738 3184 ad
752 3147 839 3192 usum
852 3128 976 3204 insignis
988 3127 1123 3182 Ecclesiae
1135 3126 1335 3184 Eboracensis

141 3202 239 3281 Opem
252 3203 369 3263 bonosti
383 3205 448 3274 viri,
467 3200 605 3281 Magistri
624 3207 707 3264 Petri
725 3207 846 3280 Olivier,
865 3208 1047 3283 impressoris
1066 3207 1246 3284 Rothomagi
1264 3227 1339 3265 com-

143 3284 291 3344 incinctis.

206 3528 285 3588 Tira.

205 3609 326 3668 Missale
346 3610 383 3668 ad
403 3629 490 3668 usum
510 3611 703 3668 celeberrimae
724 3613 860 3670 Ecclesiae
882 3611 1074 3669 Eboracensis
1099 3610 1218 3687 optimis
1246 3630 1339 3668 carac-

135 3691 255 3750 teribus
284 3698 417 3749 recenter
447 3691 620 3767 impressum
654 3713 724 3750 cura
750 3694 887 3770 pervigili
914 3693 1101 3768 maximaque
1135 3692 1339 3749 lucubratione

144 3772 314 3848 mendisque
334 3773 468 3848 pluribus
482 3773 668 3830 emendatum
682 3775 848 3850 sumptibus
862 3780 892 3830 et
906 3774 1041 3850 expensis
1054 3774 1076 3830 J
1078 3773 1202 3830 ohannis
1217 3772 1339 3842 (lachet,

145 3853 314 3910 mercatoris
329 3852 445 3910 librarii
462 3853 535 3909 bene
555 3855 655 3911 meriti
674 3855 764 3930 juxta
782 3856 935 3931 praefatam
954 3854 1104 3912 ecelesiam
1123 3854 1337 3911 commorantis

146 3933 235 3992 Anno
256 3932 377 3991 Domini
396 3933 565 3992 MOOOOO.
581 3935 790 4011 trigentesimo.
848 3937 905 3994 Die
930 3950 1004 3992 vero¹
1021 3935 1148 3992 secunda
1169 3933 1247 3991 Julii
1267 3954 1342 3991 com-

148 4014 259 4090 pletum
276 4023 365 4089 atque
379 4015 550 4092 perfectum.

205 4116 383 4258 gillibiiiliiin
397 4209 428 4259 et
440 4202 563 4277 gloriam
578 4204 788 4278 omnipotentis
810 4205 868 4261 Dei
882 4210 912 4261 et
926 4203 1062 4279 Virginis
1084 4202 1187 4258 Mariae
1202 4221 1236 4258 ac
1250 4203 1343 4260 totius

145 4280 234 4340 curiae
249 4279 372 4340 caelestis
386 4290 541 4341 exaratum
556 4290 586 4338 et
606 4284 782 4360 completum
804 4306 837 4342 ac
858 4287 948 4342 ctiam
969 4286 1001 4341 in
1015 4284 1141 4359 pristino
1155 4289 1236 4339 statu
1247 4284 1344 4340 redac-

138 4369 210 4421 tum
234 4362 280 4413 esi
303 4359 357 4418 hoc
381 4385 507 4440 praesens
533 4363 653 4422 Missale
677 4366 715 4422 ad
735 4386 821 4424 usum
836 4367 960 4445 insignis
981 4364 1119 4423 Ecclesiae
1141 4361 1342 4422 Eboracensis.

181 4437 293 4519 pensis
307 4439 422 4503 honest-i
437 4446 496 4503 viri
509 4444 531 4502 J
533 4444 657 4503 ohannis
672 4447 790 4506 Gachet.
