2886 4994
584 105 706 172 Cauca
726 105 847 173 Missos.
1256 105 1322 176 187

908 271 976 332 MS.
997 274 1168 332 Baarmer.

803 377 864 474 llic
896 399 1014 438 sursum
1042 379 1110 438 lecet
1138 376 1254 456 Corpus
1280 378 1325 437 ud'

802 461 1071 618 mgwipopciiiiit
1090 535 1217 602 Culicem
1235 540 1325 599 illum

798 642 913 698 portua
926 622 1032 696 heaut,
1047 622 1160 682 diceus:

176 1531 276 1591 simili
295 1531 383 1590 modo
402 1537 593 1610 posteaquam
613 1537 751 1592 cenatum
772 1538 827 1606 est,
840 1533 985 1611 accipiens
1002 1539 1032 1592 et
1049 1532 1129 1590 hunc
1149 1531 1324 1610 praeclarum

327 1628 447 1688 calicem
466 1629 500 1686 in
520 1635 635 1688 sanetas
655 1650 688 1689 ac
708 1631 891 1690 venerabiles
911 1652 1017 1690 manus
1037 1650 1113 1704 suas,

115 1823 198 1884 Item
217 1823 275 1882 tibi
294 1825 404 1902 gratias
424 1844 522 1902 agens,
535 1823 740 1907 beneffldixit,
755 1828 896 1905 deditque
918 1824 1152 1909 [Brea-dedit]
1173 1825 1325 1905 discipulis
1421 1895 1423 1899 7

339 1922 409 1994 suis,
430 1922 539 1996 dicens,
560 1924 699 2001 Accipite
719 1931 750 1982 et
770 1925 864 1984 bibite
885 1945 923 1983 ex
943 1944 978 1984 eo
998 1945 1107 1983 omnes.
1251 1941 1257 1952 ·
1379 1948 1382 1954 ·

804 2023 865 2082 Hic
876 2022 1119 2099 Oulicempoaum
1127 2021 1203 2096 levet,
1214 2022 1327 2082 dcem.-

117 2117 181 2176 Hic
200 2121 245 2175 est
265 2117 346 2175 enim
366 2116 445 2174 calix
464 2117 616 2195 sanguinis
634 2118 695 2176 mei
711 2118 784 2175 novi
801 2126 832 2178 et
849 2120 954 2178 aeterni
974 2119 1137 2193 testmenti,
1152 2119 1326 2197 mysterium

114 2213 215 2287 fidei*
224 2214 277 2291 qui
289 2234 344 2291 pro
356 2214 441 2273 vobis
455 2221 486 2272 et
498 2235 553 2293 pro
566 2216 670 2273 multis
684 2217 854 2275 effundetur
865 2219 899 2275 in
912 2218 1116 2276 remissionem
1130 2224 1325 2295 peccatorum.

116 2312 179 2406 Hic
211 2312 382 2390 superponit
413 2333 524 2390 corpor-
805 2314 920 2373 Iterum
940 2316 1022 2375 eleuet
1037 2314 1162 2376 Calicem
1175 2316 1210 2374 ire
1223 2315 1330 2389 altum,

807 2395 904 2454 dicens
914 2417 924 2454 :

267 2491 343 2549 Haec
357 2489 590 2567 quotiescunque
602 2490 740 2564 feceritis,
753 2491 787 2548 in
800 2492 860 2549 mei
872 2491 1045 2549 memoriam
1059 2490 1180 2549 facietis.

118 2590 181 2649 Hic
193 2589 340 2667 Quodsi
354 2589 474 2648 bractio
487 2591 528 2649 od
810 2589 869 2647 Hic
887 2589 1027 2648 Sacerdos
1046 2589 1128 2648 eleuet
1148 2586 1268 2647 brachio
1287 2588 1332 2646 ud

118 2672 242 2731 modum
255 2670 431 2750 cruci(fioei).
806 2670 928 2730 modum
941 2671 1043 2730 cruda

117 2393 184 2452 oleo

183 3012 274 3071 Unde
288 3016 318 3070 et
332 3031 482 3082 memores,
496 2999 634 3083 Domine,
650 3029 705 3068 nos
718 3010 766 3068 tui
779 2991 858 3070 servi
871 3012 922 3070 sed
935 3015 966 3069 et
978 3010 1061 3088 plebs
1074 3016 1129 3068 tua
1141 3014 1243 3068 sancta
1256 3009 1331 3086 ejus-

121 3108 211 3170 dem†
225 3109 338 3168 Christi
348 3109 420 3168 Filii
432 3110 481 3168 tui
488 3108 614 3168 Domini
622 3107 702 3168 Deir
714 3109 811 3167 nostri
822 3114 887 3167 tam
899 3110 994 3168 beatae
1007 3107 1159 3186 passionis,
1169 3125 1284 3165 necnon
1298 3111 1329 3165 et

120 3207 161 3266 ab
179 3206 284 3264 inferis
303 3207 535 3280 resurrectionis,
549 3207 650 3281 sedet
670 3207 703 3264 in
723 3206 808 3264 caelos
827 3206 961 3284 gloriosae
980 3204 1165 3277 ascensionis,
1180 3203 1334 3262 offerimus

334 3305 481 3381 praeclara
502 3306 652 3384 majestati
671 3312 732 3366 tuae
753 3306 790 3363 de
809 3304 871 3362 tuis
892 3304 977 3362 donis
996 3323 1030 3362 ac
1051 3302 1129 3360 datis

121 3400 184 3460 Hic
202 3399 334 3460 aemulat
357 3401 477 3460 bractio
503 3411 531 3461 et
811 3400 873 3459 Hie
893 3409 949 3458 tres
969 3399 1088 3476 primos
1114 3417 1210 3457 cruces
1230 3395 1335 3473 faciut

111 3482 216 3562 faciat
229 3482 348 3558 Quum
360 3483 462 3556 cums,
815 3480 1022 3558 saperemus
1035 3490 1062 3540 et
1076 3479 1332 3553 Calicem,dicem.·

165 3579 319 3658 sshostiam
339 3577 493 3660 pmxcam,
514 3581 643 3640 hostium
663 3577 844 3660 sanfflctam,
864 3577 993 3636 hostiam
1013 3575 1284 3656 immacuffllatam,

813 3675 960 3746 Quartana
972 3694 1060 3752 stipor
1074 3674 1196 3752 Corpus,

460 3776 610 3859 puffinem
633 3781 770 3836 sanctum
789 3775 861 3832 vitea
882 3780 1008 3847 aeternae,
1225 3778 1227 3784 “

813 3872 957 3944 Quintam
969 3892 1057 3951 super
1071 3870 1203 3944 Calicem,
1218 3869 1332 3929 dmm:

472 3979 504 4033 at
523 3972 684 4055 celifflcem
704 3971 808 4031 salutis
821 3977 979 4049 perpetuae.

260 4098 274 4124 ³
290 4096 367 4156 Spore
381 4094 426 4142 left
440 4094 466 4141 ol
480 4109 525 4141 one
539 4095 589 4141 line
603 4095 630 4141 in
645 4094 698 4140 MS.
715 4094 743 4139 B.

258 4168 272 4229 †
287 4165 407 4225 Breviary
422 4165 494 4212 omits
508 4168 522 4194 “
531 4166 659 4226 ejusdem”
674 4164 722 4211 end
737 4167 751 4193 ‘⁴
761 4163 828 4210 Dei”

259 4232 274 4291 ἶ
289 4237 376 4284 MS.B
391 4236 463 4283 omits
477 4237 545 4283 these
559 4236 608 4284 five
624 4236 732 4284 Orosses.
764 4234 818 4281 The
833 4232 950 4294 Brevimy
964 4231 1036 4278 omits
1050 4229 1092 4277 the
1106 4228 1162 4275 flrst
1176 4229 1252 4276 three.
