2918 4986
475 375 634 441 Feriaii.
646 373 876 482 poatPosclus.
1215 373 1279 444 127

137 543 333 620 Offertoriwna

136 627 228 684 Terra
240 625 364 684 tremuit
378 630 409 684 et
421 624 545 701 quievit,
560 625 632 682 dum
645 629 811 702 resurgeret
823 621 979 700 injudicio
993 621 1083 694 Deus,
1097 622 1232 699 alleluya.

136 719 267 876 diribitis,
295 819 470 876 quaesumus,
494 798 633 872 Domine,
657 817 757 875 preces
783 795 887 875 pepuli
913 798 960 856 tui
987 817 1054 856 cum
1081 796 1280 856 oblationibus

65 881 248 954 hostiarum,
263 886 299 938 ut
312 880 497 957 paschalibus
510 880 636 937 initiatae
654 879 810 956 mysteriis,
826 881 864 938 ad
885 879 1061 938 aeternitatis
1080 879 1165 936 nobis
1185 880 1280 937 mede-

64 964 143 1033 lam,
157 967 189 1020 te
202 968 350 1038 operante,
365 961 528 1038 proficiant
571 960 631 1018 Per
644 960 815 1019 Dominum.

136 1055 286 1130 Proesotio.
322 1054 364 1113 Et
377 1061 408 1113 te
422 1052 548 1131 quidem.
584 1052 676 1131 Infra
689 1053 846 1116 Actionem.
880 1054 1139 1114 Communicantes
1152 1061 1177 1112 et
1190 1053 1281 1112 Hanc

64 1138 177 1216 igitur,
192 1145 227 1193 eet
240 1156 337 1213 supra.

139 1232 321 1293 Communia.

136 1313 252 1372 Pascha
271 1320 405 1372 nostrum
424 1312 596 1371 immolatus
616 1318 662 1371 est
681 1312 826 1387 Christus,
843 1310 988 1390 alleluya:
1007 1313 1109 1389 itaque
1127 1312 1281 1389 epulemur

67 1395 107 1454 in
120 1395 233 1472 azymis
246 1393 423 1453 sinceritatis
437 1399 468 1452 et
481 1394 624 1469 veritatis,
638 1393 774 1472 alleluya,
786 1395 923 1473 alleluya,
938 1393 1073 1471 alleluya
1129 1397 1131 1402 ’

138 1492 379 1550 Postoommunio.

137 1572 283 1649 Spiritum
296 1573 390 1646 nobis,
405 1571 542 1645 Domine,
561 1577 621 1630 tuae
639 1570 772 1630 caritatis
789 1573 933 1648 infunde;
952 1579 989 1630 ut
1002 1591 1076 1649 quos
1090 1571 1281 1630 sacramentis

73 1653 271 1711 Paschalibus
290 1653 413 1726 satiasti,
427 1659 481 1710 tua
500 1653 589 1711 facias
608 1653 719 1729 pietate
739 1653 903 1713 concordes.
945 1653 1006 1712 Per
1026 1654 1197 1712 Dominum.
1240 1653 1281 1710 In

72 1735 195 1793 unitate
208 1735 339 1812 ejusdem
352 1734 481 1811 spiritua

539 1927 641 1985 Fsara
660 1927 814 1988 Sncenna

137 2057 189 2116 Aa
208 2057 339 2120 Missam.
385 2055 525 2132 Officium.

138 2137 315 2196 Introduxit
328 2157 381 2196 vos
394 2137 542 2197 Dominus
558 2137 592 2195 in
613 2143 723 2197 terram
736 2139 879 2198 fluentem
892 2139 937 2198 lac
950 2146 981 2198 et
995 2138 1063 2215 mel,
1077 2140 1224 2218 alleluya:
1252 2147 1284 2199 et

82 2223 113 2277 ut
126 2219 175 2278 lex
190 2219 314 2277 Domini
327 2238 441 2296 semper
454 2219 494 2277 sit
507 2219 540 2276 in
554 2239 604 2278 ore
616 2226 724 2294 vestro,
740 2221 876 2313 alleluya,
891 2221 1026 2298 alleluya

137 2316 284 2375 Pachoras.

138 2397 331 2456 confitemini
344 2395 475 2456 Domino
488 2395 629 2475 quoniam
648 2398 764 2463 bonus:
794 2399 936 2476 quoniam
956 2400 990 2457 in
1011 2400 1151 2458 saeculum
1171 2399 1284 2458 miseri·

81 2479 176 2537 cordia
190 2479 260 2555 ejus

141 2570 250 2631 Oratio.
863 2635 865 2640 ,
886 2641 890 2649 ¹

140 2652 232 2726 Deus,
251 2652 304 2729 qui
322 2651 518 2711 sollemnitate
536 2652 666 2729 paschali
685 2653 797 2711 mundo
816 2653 946 2712 remedia
966 2654 1126 2727 contulisti,
1141 2655 1285 2732 populum

80 2739 174 2806 tuum,
188 2753 363 2810 quaesumns,
378 2733 487 2792 caelcsti
501 2735 577 2792 dono
597 2753 792 2810 prosequere:
820 2740 856 2792 ut
878 2742 909 2792 et
930 2736 1089 2811 perfectam
1114 2736 1283 2794 libertatem

76 2814 219 2891 consequi
231 2821 386 2889 mereatur,
402 2815 484 2872 etad
497 2815 590 2872 vitam
603 2815 738 2891 proficiat
750 2815 966 2892 sempiternam
1016 2815 1076 2874 Per
1089 2815 1260 2874 Dominsnn.

136 2907 235 2966 Lectio
253 2906 383 2966 Actutum
401 2906 605 2985 Apostobrum
625 2907 669 2986 (ee.
694 2908 809 2986 37-43).

138 3000 179 3058 In
199 3000 300 3059 diebus
320 3001 389 3072 illis,
404 3001 499 3059 Stans
513 3001 621 3058 Petrus
641 3000 674 3058 in
695 3001 793 3059 medio
816 3001 918 3078 plebis,
944 3001 1023 3059 dixit
1034 3021 1043 3075 ς
1074 3001 1146 3059 Viri
1166 3002 1281 3073 fratres,

73 3081 160 3140 scitis
173 3081 254 3158 quod
262 3083 375 3140 factum
388 3087 433 3140 est
442 3083 567 3140 verbum
580 3101 671 3157 nsque
684 3083 726 3140 act
738 3082 940 3140 remissionem
953 3088 1140 3160 peccatorum
1153 3082 1283 3159 accipere

74 3182 132 3240 per
146 3181 256 3221 nomen
269 3163 340 3239 ejus,
355 3183 456 3220 omnes
469 3163 522 3240 qui
535 3162 660 3221 credunt
673 3163 707 3220 in
719 3183 795 3222 eum

144 3254 279 3314 Grodole.

138 3335 215 3394 Haec
228 3336 290 3394 dies
304 3356 393 3413 quam
406 3336 477 3395 fecit
490 3336 637 3395 Dominus
651 3357 657 3395 :
679 3337 862 3395 exsultemus
876 3343 907 3396 et
923 3337 1059 3395 laetemur
1070 3337 1104 3396 in
1117 3358 1159 3396 ea

87 3415 114 3509 Κ.
139 3415 232 3475 Dicat
244 3436 324 3476 nunc
337 3417 431 3476 Israel
444 3418 584 3495 quoniam
597 3419 712 3477 bonus:
732 3419 872 3495 quoniam
886 3419 918 3476 in
932 3419 1070 3476 saeculum
1083 3418 1283 3478 misericordie

79 3516 289 3655 eJmAlleluya
336 3578 364 3638 V.
388 3580 498 3638 Nonne
511 3599 561 3639 cor
573 3586 709 3639 nostmm
721 3581 828 3640 ardens
841 3586 904 3639 erat
918 3581 952 3638 in
964 3581 1050 3640 nobis
1064 3581 1100 3639 de
1113 3581 1135 3642 J
1136 3602 1196 3656 esu,
1212 3582 1285 3640 dum

77 3656 251 3736 loqueretur
263 3660 349 3718 nobis
361 3661 395 3718 in
408 3661 464 3721 via.

139 3761 304 3840 Sequentia

159 3856 277 3916 Laudes
292 3858 439 3917 Salvatori
452 3879 522 3935 voce
536 3860 722 3918 modulemur
734 3859 867 3937 supplici,

161 3936 204 3996 Et
217 3936 331 3998 devotis
344 3940 478 3999 melodiis
491 3941 601 3998 caelesti
614 3940 744 3999 Domino
759 3941 922 4017 jubilemus
936 3939 1052 4000 Messias
1065 3961 1074 4001 ε

160 4017 222 4088 Qui
234 4021 363 4098 seipsum
376 4021 551 4094 exinanivit,
566 4027 602 4079 ut
614 4041 668 4079 nos
681 4021 811 4098 perditos
824 4021 964 4088 liberaret
977 4023 1119 4082 homiues.

161 4097 258 4158 Carne
277 4101 402 4179 gloriam
421 4102 552 4160 Deitatis
566 4102 708 4175 occulens,
724 4102 830 4179 pannis
851 4103 964 4180 tegitur
984 4104 1017 4168 in
1038 4124 1175 4181 praesepe,
1199 4103 1283 4163 mise·

241 4201 311 4241 rans
324 4183 464 4261 praecepti
473 4189 724 4260 transgressorem,
736 4184 855 4259 pulsum
867 4184 973 4260 patria,
985 4185 1112 4260 peradisi
1126 4184 1281 4243 nudulum

159 4258 283 4340 Joseph,
307 4264 422 4337 Mariae,
446 4264 577 4322 Simeoni
601 4264 745 4334 subditur,
769 4264 996 4338 circumciditur,
1020 4271 1051 4323 et
1074 4264 1162 4342 legali
1185 4264 1283 4324 hostia

241 4345 404 4403 mundatur
416 4350 451 4402 ut
464 4350 607 4422 peccam,
621 4354 722 4404 nostra
735 4345 788 4422 qui
799 4345 884 4404 venit
902 4345 1034 4404 relaxare
1047 4345 1178 4405 crimina

159 4421 247 4484 Servi
260 4426 352 4484 subiit
364 4445 469 4484 manus
483 4426 684 4504 baptizandus,
698 4432 729 4486 et
749 4426 861 4505 perfert
883 4427 999 4486 fraudes
1020 4427 1188 4502 tentatoris,
1203 4427 1282 4506 fugit

242 4508 484 4585 persequentium
499 4507 618 4584 lapides,
