2918 4986
125 317 164 377 lo·
517 314 565 379 Iu
579 314 618 379 N
614 313 767 381 atiuitate
782 314 936 381 Domini.

184 478 340 619 glaefailst,
376 480 453 550 Quia
466 500 519 558 per
532 481 687 540 incarnati.
731 481 989 542 Communiuntes
1002 489 1175 544 etnoctem.

184 581 440 717 Irinilliidiibus
453 648 621 701 sanctorum
635 663 673 701 ex
687 650 771 702 utero
785 650 855 703 ante
868 646 1025 704 luciferum
1037 647 1129 724 genui
1141 653 1183 707 te.

183 721 424 780 Posteomrauuio.

184 801 233 859 Da
259 802 352 874 nobis,
377 823 551 879 quaesumus,
582 805 711 864 Domine
738 805 821 864 Deus
848 812 957 879 noster,
986 813 1023 865 ut
1054 806 1108 885 qui
1138 810 1323 870 nativitatem

123 881 244 939 Domini
258 883 353 940 nostri
366 884 387 941 J
389 903 439 942 osu
454 884 566 943 Christi
585 906 639 944 nos
659 886 846 962 frequentare
866 887 1046 964 gaudemus:
1067 889 1167 966 dignis
1180 910 1325 950 conversa·

122 962 253 1020 tionibus
274 963 312 1021 ad
334 964 397 1040 ejus
418 985 582 1024 mereamur
602 969 756 1043 pervenire
774 969 962 1026 consortium.
1006 969 1067 1039 Qui
1084 975 1187 1029 tecum
1205 973 1281 1030 vivit
1296 978 1323 1030 et

121 1049 233 1121 regnat.

512 1152 566 1209 An
587 1153 712 1210 Mrsssu
734 1170 767 1210 m
786 1155 931 1212 Auaoan

184 1280 245 1362 [Ad
268 1281 394 1341 Missam
417 1283 451 1341 iu
473 1281 594 1342 Aurora
614 1293 733 1359 reqatur
754 1283 869 1343 Olcerus
888 1306 922 1343 ea
945 1285 1008 1344 alia
1028 1295 1117 1362 parte
1142 1286 1240 1349 Obori.
1286 1287 1320 1346 Et

122 1363 260 1422 Sacerdos
287 1385 353 1422 cura
380 1365 443 1422 suis
465 1365 614 1423 Ministris
640 1365 683 1422 ad
707 1364 808 1423 Altare
832 1375 858 1423 et
882 1365 1012 1425 lieetores
1036 1366 1126 1427 Otus
1150 1390 1250 1429 cauus
1271 1371 1318 1429 siu

121 1444 295 1504 uestimentis
307 1444 387 1504 albis.
431 1446 536 1504 Recter
550 1444 639 1506 Obori
654 1445 778 1521 iueipiat
794 1445 1044 1521 Officium-MS.
1060 1444 1115 1529 D.]

184 1539 208 1598 O
238 1540 324 1600 uuus.

181 1542 251 1678 Lilix
270 1619 397 1697 fulgebit
416 1619 504 1678 hodie
525 1639 613 1696 super
632 1639 708 1692 nos;
733 1619 804 1696 quia
823 1627 913 1678 natus
933 1625 978 1678 est
997 1621 1083 1685 nobis
1104 1621 1275 1684 Dominus:
1294 1627 1317 1682 et

120 1703 274 1761 vocabitur
293 1700 496 1773 Admirabilis,
513 1700 604 1772 Deus,
621 1700 762 1777 Princeps
776 1701 864 1776 pacis,
880 1701 970 1758 Pater
983 1700 1079 1760 futuri
1099 1705 1223 1764 saeculi:
1247 1707 1318 1783 cujus

120 1784 205 1861 regni
217 1802 278 1840 non
292 1783 350 1840 erit
363 1782 438 1841 finis.

181 1864 329 1921 Psalraus.

181 1944 329 2002 Dominus
343 1943 487 2018 regnavit,
504 1943 637 2001 decorem
651 1943 768 2002 induit:
788 1942 887 2001 induit
904 1944 1052 2002 Dominus
1064 1945 1283 2022 mutitudinem,
1295 1951 1318 2006 et

121 2024 279 2101 praecinxit
300 2043 331 2080 se
354 2024 474 2083 virtute.

183 2120 293 2202 [Kyrie
307 2123 368 2180 siue
388 2121 520 2181 Versibus
533 2143 599 2180 auus
612 2132 682 2181 uota
696 2124 730 2181 de
744 2123 813 2181 Rex
827 2122 997 2200 Virgiuum.
1041 2123 1146 2183 Gloria
1158 2127 1195 2186 in
1208 2128 1322 2187 excelsis

120 2225 188 2263 auu
211 2204 306 2260 Prosa
327 2202 456 2280 Spiritus
479 2202 570 2260 Alme
593 2223 614 2260 a
637 2204 750 2261 duobus
773 2204 940 2262 Beatoribus
959 2203 1151 2279 inferioribus
1174 2209 1211 2267 iu
1234 2209 1320 2268 medio

122 2285 211 2345 Obori
224 2284 349 2342 dicatur.
393 2283 517 2341 Sanctus
531 2293 556 2342 et
570 2283 677 2360 Agnus
690 2294 724 2341 ut
738 2285 773 2342 iu
782 2285 876 2342 Fastis
890 2285 976 2342 beatae
990 2284 1097 2343 Maria
1110 2288 1254 2348 dicautur
1265 2290 1320 2348 siue

121 2367 222 2424 Prosa.
265 2363 376 2423 Eodem
386 2366 470 2422 modo
479 2368 538 2439 fiat
553 2366 638 2423 tertia
650 2365 697 2423 die
710 2365 794 2440 iufra
806 2365 927 2423 Oetaeas
937 2365 1115 2424 Natiuitatis
1127 2377 1155 2426 et
1167 2369 1205 2428 iu
1222 2370 1321 2447 vaila

120 2446 307 2524 Epepiauioe,
323 2466 389 2504 cum
401 2446 436 2503 iu
449 2445 605 2503 Dominica
619 2445 876 2504 everterint—MS.
887 2443 940 2526 Ι).]

183 2526 292 2586 Oratio,

182 2609 231 2666 Da
244 2607 337 2678 nobis,
353 2626 529 2683 quaesumus,
545 2607 730 2684 omnipotens
744 2608 834 2678 Deus,
850 2612 895 2678 ut,
907 2608 960 2684 qui
976 2627 1054 2666 nova
1067 2609 1217 2670 incarnati
1230 2612 1319 2670 Verbi

121 2690 168 2748 tui
188 2690 253 2747 luce
271 2689 485 2766 perfundimur,
506 2688 612 2746 hocin
633 2695 734 2746 nostro
753 2689 938 2765 resplendeat
955 2708 1048 2765 opere,
1065 2691 1146 2766 quod
1165 2711 1221 2770 per
1237 2693 1319 2751 fidem

120 2771 215 2848 fulget
228 2771 261 2827 in
274 2775 381 2827 mente.

105 2850 107 2854 ’
181 2851 325 2910 Memoria
339 2853 373 2909 de
387 2861 487 2909 sauata
500 2849 663 2908 Anastasia
676 2851 727 2908 sub
741 2871 805 2908 uua
819 2849 1004 2909 couelusioue.
1048 2850 1159 2913 Oratio.

181 2934 237 3006 Da,
252 2952 428 3010 quaesumus,
443 2933 628 3010 omnipotens
649 2932 739 3004 Deus,
755 2937 790 2989 ut
810 2931 862 3007 qui
882 2931 975 2988 beatae
995 2932 1164 2991 Anastasius
1184 2932 1318 3011 martyris

120 3021 180 3073 tuae
214 3014 367 3073 sollemnia
393 3014 525 3085 colimus,
554 3014 617 3089 ejus
651 3013 730 3088 apud
763 3018 794 3069 te
827 3012 992 3088 patrocinia
1025 3013 1196 3073 sentiamus
1267 3015 1341 3072 Per·

121 3096 291 3156 Dominum.

180 3176 252 3235 Istae
264 3178 331 3234 duee
346 3175 496 3234 Orationes
509 3175 753 3250 simulfiuicretur
766 3173 818 3231 sub
831 3193 896 3231 uua
909 3173 1094 3232 corulusioue.
1108 3167 1111 3175 ’

180 3257 226 3314 De
240 3256 418 3314 eustasium
431 3258 562 3314 duarum
575 3255 620 3313 uel
631 3255 724 3312 trium
735 3253 917 3312 Oratiouum.

183 3337 421 3410 Quandocumque
440 3337 507 3394 duee
529 3335 680 3394 Oratioues
700 3335 798 3393 debeat
818 3336 878 3393 dici
897 3336 939 3393 ad
958 3335 1091 3408 Missam,
1111 3337 1165 3396 sub
1185 3359 1251 3398 uua
1273 3347 1319 3397 ur-

120 3417 280 3475 miuatioue
304 3416 536 3485 auctmentum
567 3416 639 3490 quia
662 3416 748 3490 quasi
766 3436 824 3492 pro
843 3436 907 3474 uua
931 3416 1069 3475 Oratioue
1092 3418 1193 3477 debera
1216 3416 1314 3478 ruem

120 3498 163 3556 Et
183 3496 211 3555 si
232 3498 386 3572 cautiaqat,
401 3505 433 3553 ut
454 3497 488 3554 iu
501 3494 585 3553 Festo
606 3505 772 3554 sauctorum
790 3495 920 3556 Fabiani
936 3506 963 3555 et
980 3496 1145 3557 Sebastiaui
1164 3502 1244 3577 quod
1260 3516 1317 3558 uua

120 3587 236 3637 tautum
255 3581 316 3653 fiat
338 3577 489 3648 'suueuia
512 3575 618 3635 scilicet
637 3578 672 3634 de
691 3586 793 3635 sanctu
816 3577 919 3636 Maria
943 3577 988 3636 uel
1010 3579 1114 3654 aliqua
1134 3581 1205 3653 alia,
1227 3598 1318 3641 auus

122 3658 274 3718 Orationes
286 3658 339 3717 sul>
352 3676 416 3716 uua
429 3656 630 3716 terruiuatioue
644 3658 862 3718 eeuluaaurur.

182 3754 292 3838 [Lectio
305 3756 341 3815 ab
354 3776 415 3815 uuo
428 3756 463 3814 de
475 3755 636 3832 majoribus
649 3757 689 3814 ad
705 3766 813 3815 uuteuu
827 3742 1005 3816 Oauceliarii
1020 3754 1054 3817 iu
1067 3756 1276 3836 Supupelliceo
1288 3748 1318 3818 iu

117 3839 233 3916 pubprito
247 3837 359 3913 leuatur
372 3858 439 3896 eum
451 3857 504 3896 suo
518 3836 718 3895 titula—MS.
734 3834 788 3919 Ι).]
1228 3890 1231 3899 ,

181 3930 278 3990 Lectio
291 3929 551 4006 Esaioe'Propleelce
564 3929 630 4006 (iai
651 3931 705 4001 1-3,
721 3929 782 3988 lcii.
801 3930 917 4009 11-12)

152 4012 257 4152 DHae'c
275 4011 347 4070 dicit
368 4010 532 4070 Dominus:
553 4010 682 4088 Spiritus
700 4010 824 4068 Domini
843 4031 932 4089 super
950 4032 998 4071 me
1017 4032 1109 4105 usque
1122 4015 1164 4072 ad
1177 4011 1321 4092 redempti

121 4114 140 4153 a
184 4112 290 4151 omino.

180 4186 332 4271 [Sequitur
344 4188 405 4247 aue
416 4187 568 4247 interualli>
581 4187 687 4247 ibidem
698 4188 949 4265 Epistola—MS.
964 4188 1017 4269 D.]

179 4281 230 4340 Aa
246 4281 347 4340 Titum
359 4281 420 4361 (iii
437 4282 512 4360 4-7)

181 4362 357 4423 causina:
372 4363 525 4440 Apparuit
535 4363 700 4440 benignitas
710 4384 800 4440 usque
810 4365 850 4423 ad
859 4384 941 4442 spem
951 4364 1020 4423 vieae
1031 4370 1148 4422 aeternse
1158 4365 1191 4423 in
1203 4365 1326 4426 Christo

185 4462 195 4505 ι
207 4443 339 4504 Domino
350 4449 460 4527 nostro.
