2918 4986
484 342 588 407 Faria
601 342 643 408 ir.
663 341 833 408 Cinaram.

218 510 340 586 Adjuva
353 530 415 580 nos,
431 509 513 567 Deus
526 509 664 568 salutaris
677 515 783 567 noster.

260 592 301 649 Et
321 598 448 668 propter.

218 672 347 731 Domine
361 672 443 730 Deus
456 672 614 745 virtutum,
629 677 766 729 converte
780 691 840 729 nos.

259 753 300 811 Et
313 753 433 812 ostende
446 751 551 810 faciem
564 760 655 810 tuam.

220 834 356 906 Domine,
373 834 480 892 exaudi
495 835 658 891 orationem
671 853 774 890 meam.

259 915 300 972 Et
313 915 423 973 clamor
436 934 520 972 meus
533 914 570 972 ad
583 919 613 972 te
626 915 735 971 veniat.

219 995 367 1054 Dominus
381 994 538 1053 vobiscum.

260 1076 380 1134 Etcum
393 1076 501 1153 spiritu
514 1082 574 1134 tuo.

118 1201 251 1261 Oremus.
297 1201 405 1260 Oratio.

117 1295 248 1353 Domine
260 1288 343 1352 Deus
356 1299 465 1365 noster,
480 1293 531 1370 qui
545 1293 704 1350 offensione
717 1298 818 1351 nostra
832 1312 893 1349 non
910 1293 1045 1364 vinceris
1061 1294 1112 1351 sed
1132 1295 1260 1352 satisfac-

55 1377 139 1435 tione
151 1376 276 1452 placaris
286 1396 294 1447 ;
316 1376 434 1452 respice,
449 1393 623 1450 quaesumus,
638 1374 675 1431 ad
699 1374 823 1431 famulos
845 1379 921 1445 tuos,
936 1375 988 1449 qui
1006 1394 1037 1431 se
1055 1375 1112 1432 tibi
1131 1377 1261 1451 graviter

55 1476 189 1535 peccasse
211 1459 390 1513 confitentur
401 1475 410 1528 3
437 1462 525 1512 tuum
547 1461 591 1512 est
613 1456 693 1512 enim
714 1454 929 1512 absolutionem
951 1454 1107 1512 criminum
1130 1457 1208 1528 dare,
1231 1464 1261 1514 et

55 1537 176 1595 veniam
188 1543 327 1612 praestare
340 1536 569 1613 paenitentibus:
591 1537 643 1611 qui
656 1535 768 1606 dixisti,
784 1541 814 1591 te
830 1535 918 1592 malle
938 1536 1142 1610 paenitentiam
1162 1557 1259 1613 pecca-

57 1623 159 1676 torum
189 1637 278 1694 quam
312 1623 460 1688 mortem3
500 1617 626 1674 concede
652 1632 728 1692 erg0,
757 1616 894 1686 Domine,
922 1623 957 1672 ut
990 1617 1047 1674 tibi
1079 1617 1260 1693 paenitentiae

58 1698 198 1757 excubias
212 1698 368 1771 celebrent,
383 1704 414 1755 et
427 1699 564 1755 correctis
578 1696 693 1754 actibus
706 1696 766 1754 suis
787 1696 912 1753 conferri
934 1697 990 1754 sibi
1011 1717 1028 1755 a
1051 1703 1082 1756 te
1103 1698 1169 1756 Deo
1190 1698 1259 1757 vivo

58 1785 90 1837 et
102 1799 174 1837 vero
186 1781 364 1856 sempiterna
377 1779 484 1856 gaudia
497 1778 691 1855 gratulentur.
734 1777 793 1835 Per
807 1777 976 1835 Dominum.

121 1897 252 1956 Oremus.
297 1896 406 1956 Oratio.

120 1978 212 2051 Deus,
236 1979 289 2056 qui
307 1979 388 2054 juste
411 1977 544 2035 irasceris
565 1983 595 2035 et
616 1976 775 2034 clementer
795 1977 920 2053 ignoscis
931 1997 940 2049 ;
968 1977 1070 2035 afflicti
1090 1979 1193 2055 populi
1215 1979 1262 2036 tui

59 2059 195 2118 lacrimas
214 2059 331 2136 respice,
355 2065 385 2116 et
405 2059 480 2115 iram
501 2064 559 2115 tnae
581 2057 795 2133 indignationis
815 2077 904 2135 quam
923 2059 1006 2133 juste
1027 2078 1175 2117 meremur
1196 2079 1265 2136 pro-¹

58 2140 184 2218 pitiatus
197 2147 305 2198 averte.
349 2139 408 2197 Per
422 2138 575 2196 Christum
589 2138 754 2197 Dominum
767 2145 908 2196 nostrum.

121 2257 233 2396 giiii}
258 2338 367 2415 populo
394 2345 457 2410 tuo,
487 2337 624 2409 Domine,
653 2357 826 2414 quaesumus,
856 2339 1063 2396 consolationis
1090 2341 1259 2411 auxilium,

61 2424 88 2476 ot
102 2418 252 2476 diuturnis
266 2420 483 2476 calamitatibus
496 2418 680 2476 laborantem
696 2420 843 2496 propitius
864 2421 1007 2495 respirare
1029 2422 1160 2479 concede.
1203 2423 1268 2479 Per

62 2499 213 2559 Ohristum
226 2500 390 2558 Dominum
403 2506 545 2558 nostrum.

120 2621 253 2680 Oramus
298 2621 406 2680 Oratio.

119 2703 249 2776 Exaudi,
265 2703 401 2775 Domine,
416 2722 516 2780 preces
529 2709 652 2772 nostras,
667 2709 697 2760 et
716 2705 920 2761 confitentium
942 2705 999 2762 tibi
1018 2724 1104 2780 parce
1126 2708 1265 2782 peccatis,¹

63 2789 102 2852 ut,
110 2803 185 2860 quos
198 2784 382 2842 conscientiae
396 2790 495 2842 reatus
509 2790 633 2856 accusat,
643 2783 829 2860 indulgentia
842 2791 901 2842 tuae
912 2785 1108 2842 miserationis
1118 2786 1263 2846 absolvat.

66 2863 120 2922 Per
134 2863 293 2923 Christum.

122 2985 255 3043 Oramus.
299 2986 406 3043 Oratio.

120 3065 289 3123 Praeveniat
310 3067 356 3124 his
377 3065 495 3124 famulis
512 3066 581 3138 tuis,
596 3085 771 3142 quaesumus,
786 3066 922 3137 Domine,
938 3066 1137 3124 misericordia
1150 3073 1211 3140 tua,
1226 3077 1266 3126 ut-

69 3163 162 3204 omnes
174 3146 347 3223 iniquitates
361 3167 461 3206 eorum
476 3146 563 3205 caleri
576 3147 761 3224 indulgentia
775 3146 936 3205 deleantur.
980 3148 1038 3205 Per
1057 3148 1217 3206 Christum.

122 3268 254 3326 Oramus
299 3267 407 3328 Oratio.

120 3348 396 3422 Adesto,'Domine,
412 3349 673 3427 supplicationibus
687 3350 815 3407 nostris:
838 3369 891 3408 nec
905 3349 945 3408 sit
958 3351 996 3408 ab
1009 3350 1057 3409 his
1068 3350 1188 3410 famulis
1200 3353 1266 3410 tuis

69 3426 225 3487 clementiae
239 3437 299 3487 tuae
312 3431 473 3508 longinqua
487 3431 653 3504 miseratio;
673 3451 745 3489 sana
757 3433 882 3490 vulnera
895 3451 1004 3500 eorum,
1019 3440 1049 3490 et
1064 3432 1182 3490 dimitte
1199 3454 1261 3510 pec-

69 3510 127 3567 cata
135 3529 145 3582 ;
164 3517 201 3569 ut
214 3510 304 3568 nullis
317 3532 335 3568 a
347 3520 379 3569 te
395 3512 605 3587 iniquitatibus
622 3513 758 3589 separati,
777 3513 834 3570 tibi
855 3512 985 3571 Domino
1007 3533 1121 3590 semper
1143 3515 1262 3574 valeant

68 3589 217 3650 tdhaerere.
259 3592 318 3650 Per
331 3591 489 3651 Christum.

121 3714 193 3772 Non
206 3715 315 3773 dicitur
335 3716 468 3788 Oremus,
510 3717 667 3775 Absolutio.

123 3795 270 3854 Dominus
290 3795 379 3855 Jesus
395 3796 538 3870 Christus,
555 3798 607 3874 qui
623 3799 702 3855 dixit
723 3798 873 3874 discipulis
895 3799 965 3870 suis,
988 3819 1169 3877 quaecunque
1190 3800 1264 3876 liga--

67 3874 167 3934 veritis
179 3895 267 3953 super
279 3883 389 3935 terram
410 3885 498 3936 erunt
518 3879 610 3956 ligata
631 3886 662 3936 et
682 3880 715 3936 in
737 3879 813 3936 caelis
824 3900 834 3952 3
862 3886 893 3937 et
913 3899 1093 3956 quaeormque
1115 3880 1266 3939 solveritis

66 3973 152 4032 super
177 3963 296 4031 terram,
321 3965 409 4016 erunt
432 3959 528 4017 soluta
549 3966 579 4016 et
600 3961 632 4017 in
654 3961 745 4031 oael0;
777 3961 813 4016 de
835 3979 961 4036 quorum
982 3981 1104 4019 numero
1126 3963 1264 4036 quamvis

65 4034 201 4114 indignos
214 4057 268 4096 nos
281 4058 342 4097 esse
356 4039 472 4098 voluit:
502 4041 563 4117 ipse
586 4060 639 4098 vos
660 4039 886 4120 absolvat>1<per
906 4042 1104 4100 ministerium
1125 4048 1260 4099 nostrum

64 4117 102 4175 ab
116 4119 251 4176 omnibus
266 4121 392 4197 peccatis
411 4121 517 4178 vestris
537 4141 718 4198 quaecunque
738 4122 923 4198 cogitatione,
938 4122 1092 4196 locutione,
1113 4127 1143 4178 et
1164 4142 1261 4198 opera-

63 4198 146 4256 tione
159 4200 342 4277 negligenter
359 4201 478 4278 egistis:
507 4208 538 4260 et
559 4204 596 4260 ab
617 4203 743 4260 nexibus
764 4209 950 4278 peccatorum
970 4203 1128 4273 absolutos,
1150 4222 1203 4259 vos
1223 4203 1263 4260 ad

61 4298 153 4358 regna
165 4281 302 4340 calorum
316 4283 473 4358 perducere
487 4282 631 4360 dignetur.
675 4283 733 4340 Per
747 4285 917 4341 Dominum.
961 4284 1101 4354 Quicum
1115 4282 1187 4340 Deo.

124 4359 304 4420 Misereatur
316 4364 417 4421 nostri.

122 4442 351 4507 Absolutionem
363 4451 394 4502 et
407 4445 613 4504 remissionem.
