2918 4986
603 357 834 445 Proefntiones.
1265 360 1329 430 173

174 547 219 607 In
225 547 328 624 primo
341 549 436 607 Misso
448 547 566 608 Natalis
578 548 709 622 Domini,
724 546 815 624 Infra
828 549 974 608 ortionem.

177 627 433 687 Communicantes
459 635 490 687 et
521 634 638 688 noctem
664 628 887 688 sacratissimam
914 629 1100 700 celebrantes,
1129 648 1188 706 qua
1214 629 1306 687 beatae

122 705 221 789 liariae
248 708 422 767 intemerata
443 709 597 786 virginitas
623 709 692 767 huic
717 709 828 766 mundo
854 710 946 768 edidit
973 709 1161 768 Salvatorem.
1195 708 1252 767 Sed
1276 717 1306 767 et

121 788 287 846 memoriam
302 793 480 861 venerantes,
492 789 643 865 Imprimis
656 789 784 864 ejusdem
797 788 927 864 gloriosa
940 809 1053 866 semper
1066 789 1188 867 virginis
1202 788 1306 846 Marise

119 868 272 945 genetricis
285 869 411 944 ejusdem
425 869 484 927 Dei
497 875 527 927 et
540 869 663 926 Domini
675 869 768 926 nostri
787 868 809 926 J
810 888 861 926 esu
875 869 993 927 Christi.
1030 868 1087 927 Sed
1101 877 1132 928 et
1143 863 1305 940 beatorum,

119 955 143 1006 et
155 955 256 1006 cetero.

174 1026 237 1085 *In
250 1028 374 1085 senmdo
386 1036 413 1086 et
433 1028 518 1087 tertio
530 1028 626 1086 Misso
638 1027 758 1086 Natalis
774 1027 902 1100 Dmnini,
918 1036 944 1086 et
963 1026 1091 1103 qnotidie
1105 1046 1160 1102 per
1175 1026 1303 1097 Ostovns,

118 1105 205 1166 etiam
217 1107 245 1166 si
257 1107 373 1165 conitor
386 1109 420 1165 dc
436 1106 541 1167 Soracte
560 1109 665 1167 sinedi
679 1108 947 1180 comnnmorntione,
963 1116 989 1166 et
1010 1108 1045 1165 in
1057 1106 1103 1166 die
1124 1105 1307 1166 Oirmmeisi·

118 1187 188 1257 onis,
204 1185 295 1263 Infra
309 1187 454 1246 actionem.

176 1266 432 1325 communicantes
445 1273 476 1326 et
493 1267 571 1326 diem
583 1267 809 1326 sacratissimum
822 1267 1008 1341 celebrantes,
1023 1287 1082 1344 quo
1095 1267 1187 1324 beatse
1201 1265 1305 1323 Marisa

117 1346 293 1405 intemerata
304 1347 459 1424 virginitas
472 1347 540 1405 huic
557 1348 667 1405 mundo
680 1347 772 1405 edidit
792 1346 980 1405 Salvatorem.
1023 1347 1080 1405 Sed
1094 1352 1124 1404 et
1137 1345 1306 1403 memoriam

118 1433 299 1498 venerantes,
313 1427 463 1503 Imprimis
476 1428 605 1504 ejusdem
624 1427 755 1504 gloriosse
774 1446 887 1504 semper
899 1427 1022 1503 virginis
1036 1426 1139 1484 Mariae
1152 1425 1308 1502 genetricis

119 1506 247 1583 ejusdem
260 1506 319 1564 Dei
331 1513 361 1564 et
374 1507 497 1565 Domini
509 1508 604 1565 nostri
615 1508 636 1566 J
638 1527 689 1565 esu
702 1506 830 1564 Christi:
851 1507 908 1566 Sed
921 1513 952 1564 et
964 1508 1123 1578 beatorum,
1139 1514 1164 1564 et
1178 1513 1273 1563 cetero.

178 1783 252 1842 Haec
264 1781 404 1859 Praesatio
415 1784 492 1855 Quia
505 1804 571 1843 eum
581 1784 750 1862 unigenitus
759 1785 852 1842 Filius
865 1789 935 1841 tuus
948 1783 1059 1841 dicetur
1071 1783 1105 1840 in
1118 1782 1165 1840 die
1177 1781 1307 1857 Epiplm

119 1862 182 1934 nise,
202 1873 229 1922 et
244 1863 367 1939 sinpnlis
379 1865 478 1922 dicim
485 1885 541 1941 per
555 1865 683 1936 Oetaeos,
696 1867 739 1927 †et
754 1865 1008 1922 Communicantes
1025 1863 1166 1934 similiter,
1180 1863 1267 1921 etmm
1280 1862 1306 1920 si

120 1945 152 2002 de
164 1943 280 2002 Sanctis
292 1944 408 2002 dicotur
419 1945 476 2003 cire
489 1945 522 2002 de
536 1945 874 2009 oomnmmorationibns.†
913 1942 1061 2018 Proefotio.
1148 2016 1149 2019 Ἴ

119 2081 1307 2214 Q

178 2242 362 2300 AE-ter-ne
389 2243 507 2300 De-us.
551 2242 656 2311 Quia
676 2261 742 2300 cum
766 2241 1041 2318 u-ni-ge-ni-tus
1065 2246 1158 2298 tu-us
1178 2240 1212 2295 in
1232 2239 1306 2296 snb·

142 2555 307 2612 stanti-a
335 2560 460 2611 nos-trec
477 2555 770 2612 mor-tal·i-ta-tis
799 2555 1039 2631 ap-pa-rn-it,
1060 2555 1092 2611 in
1119 2573 1208 2611 nova
1234 2573 1288 2610 nos

143 2867 474 2926 immortali-tatis
501 2887 590 2924 su-se
624 2867 726 2924 lu·ce
773 2864 1035 2941 re-pa-ra-rit.
1077 2864 1118 2921 Et
1151 2862 1273 2919 i-de-o

121 3027 475 3157 Q

144 3206 212 3245 cum
231 3186 415 3263 ango-lis.

180 3315 223 3374 In
235 3315 281 3374 die
293 3315 475 3392 Epiphanio,
490 3322 516 3373 et
529 3311 655 3389 qnotidie
662 3332 718 3388 per
732 3310 860 3382 Octnnns,
876 3307 966 3384 Infra
979 3306 1125 3366 actionem.

181 3395 437 3454 Communicantes
450 3402 480 3452 et
501 3395 579 3452 diem
599 3392 826 3451 sacratissimum
847 3390 1105 3462 celebrantesque
1128 3383 1308 3461 Unigenitus

122 3483 192 3535 tuus
212 3476 245 3532 In
267 3482 320 3533 tna
340 3481 437 3533 tecum
458 3474 552 3550 glorio.
564 3479 723 3531 coaeternns
744 3473 776 3528 in
789 3471 914 3528 veritate
927 3469 1021 3526 carnis
1034 3473 1140 3523 nostrae
1153 3464 1309 3521 visibiliter

120 3555 276 3633 corporalis
298 3556 442 3632 appanrit.
488 3553 545 3611 Sed
572 3561 602 3611 et
628 3552 798 3610 memoriam
811 3555 991 3618 venerantes,
1007 3546 1157 3622 Imprimis
1176 3544 1308 3637 gloriosae

120 3656 233 3712 semper
253 3636 376 3712 virginis
397 3634 500 3691 Mariae
524 3633 678 3710 genetricis
700 3631 829 3708 ejusdem
851 3631 909 3688 Dei
926 3635 957 3686 et
977 3627 1099 3684 Domini
1119 3630 1214 3683 nostrl
1234 3623 1256 3681 J
1257 3643 1308 3680 esu

120 3715 237 3774 Christi
281 3716 338 3774 Sed
351 3720 382 3773 et
394 3715 554 3786 beatorum,
570 3722 596 3772 et
609 3722 705 3770 cetero.

165 3992 251 4051 'Haeo
264 3992 408 4067 Praefatio
422 3991 481 4062 Qui
501 3989 651 4067 corporali,
666 3988 776 4048 dicitnr
790 3988 825 4046 in
848 3985 946 4062 Capite
966 3985 1092 4062 Jejnnii,
1106 3994 1132 4044 et
1145 3985 1181 4044 ab
1198 3983 1249 4041 boo
1261 3981 1308 4040 nie

120 4092 210 4148 usqne
231 4073 272 4130 noi
291 4073 459 4131 Passionem
473 4071 523 4146 ssin
539 4070 663 4146 sinpnlis
682 4069 782 4128 diebus
804 4065 1043 4142 Quadrapesimae,
1066 4075 1127 4123 tam
1146 4061 1309 4122 Dominicis

122 4173 210 4226 qnam
236 4153 304 4211 aliis
331 4153 428 4211 diebus
452 4152 624 4223 Ferinlibns,
644 4148 763 4225 correptis
785 4147 887 4205 Missis
913 4167 976 4222 qnos
998 4147 1139 4204 dicontur
1160 4144 1194 4202 de
1216 4140 1308 4199 Fertis

122 4231 321 4309 Sanctorum.‡

180 4351 193 4377 *
203 4351 275 4396 Mss.
287 4351 315 4408 B,
329 4349 355 4405 O,
366 4349 413 4394 and
422 4349 511 4394 D.—In
520 4347 617 4394 secunda
626 4354 647 4393 et
658 4346 725 4394 tertia
733 4345 808 4392 Mna
815 4343 909 4391 Natalis
916 4342 1010 4389 Domini
1018 4348 1040 4388 et
1049 4338 1145 4402 qnotidie
1150 4351 1197 4398 per
1206 4335 1308 4395 Omeros,

126 4407 189 4469 [etin
198 4409 235 4457 dn
247 4407 509 4458 circumcisionis-MS.
520 4406 563 4468 D].
593 4406 712 4466 Praefatio.

344 4485 358 4540 †
374 4483 527 4530 0m.-Mss.
538 4484 558 4528 B
569 4484 615 4528 and
626 4483 652 4529 O.
889 4477 902 4538 ‡
916 4474 1051 4523 θαι-ΜΒ.
1062 4474 1090 4519 Β.
