2918 4986
138 326 202 388 230
416 322 512 386 Dom.
536 323 579 386 ic
597 330 672 406 post
696 322 835 387 Oetaeus
855 321 1065 387 Pentecosten.

136 495 239 546 averte
263 488 340 544 mals
360 488 489 545 inimicis
509 488 600 545 meis:
629 495 659 544 et
681 489 713 545 in
736 488 864 545 veritate
881 495 936 545 tua
952 487 1091 564 disperde
1104 487 1180 556 illos,
1195 493 1354 563 protector

139 590 229 639 meus,
246 569 380 626 Domine.
1319 610 1323 615 -

198 651 343 706 Palmae.

196 730 289 799 Deus,
303 731 337 786 in
349 729 468 787 nomine
481 737 535 786 tuo
548 729 663 786 salvum
676 730 783 786 mefac
797 752 805 786 :
826 737 859 787 et
872 732 906 787 in
918 732 1035 788 virtute
1046 738 1102 788 tua
1114 730 1221 806 judica
1233 749 1290 787 me

197 812 308 869 oratio.

198 892 319 968 Largire
337 890 432 960 nobis
447 911 622 965 quesumus,
640 891 779 964 Domine,
800 912 918 968 semper
937 894 1080 969 spiritum
1103 892 1258 969 cogitandi
1279 912 1346 967 quae

134 979 215 1029 recta
237 981 309 1029 sunt
329 973 476 1047 propitius
498 981 529 1027 et
550 972 657 1046 agendi
669 993 677 1041 3
711 982 744 1028 ut
769 974 822 1048 qui
845 975 910 1030 sine
936 982 968 1031 te
994 993 1058 1031 esse
1085 994 1148 1030 non
1174 993 1344 1049 possumus,

133 1054 295 1110 secundum
308 1060 340 1108 te
354 1054 453 1109 vivere
466 1053 623 1111 valeamus.
667 1054 732 1110 Per.

195 1134 245 1190 M
258 1133 425 1193 Corinthios
437 1140 451 1188 ί
459 1136 472 1189 1
489 1156 515 1188 .’1,·.
534 1136 632 1209 li-l3).
1344 1197 1348 1202 Ι

193 1214 331 1272 Fratres:
358 1214 429 1270 Non
452 1216 544 1270 simus
567 1216 805 1289 concupiscentes
829 1216 976 1272 malorum
1001 1237 1090 1290 usquc
1112 1218 1155 1273 od
1176 1217 1231 1272 sed
1255 1216 1347 1273 faciet

130 1315 198 1352 cum
211 1298 378 1352 tentatione
391 1296 481 1352 etiam
496 1310 684 1371 proventum,
700 1304 736 1352 ut
749 1297 869 1372 possitis
882 1299 1039 1354 sustinere„
1374 1300 1377 1311 ⁴

194 1375 329 1433 Grodale.

192 1457 320 1514 Domine
344 1457 491 1513 Dominus
515 1465 637 1514 noster:
667 1477 757 1534 quam
781 1458 957 1515 admirabile
980 1466 1027 1516 est
1053 1478 1165 1516 nomen
1192 1466 1285 1516 tuum
1312 1461 1346 1516 in

132 1539 270 1595 universa
283 1546 372 1595 terra.

138 1618 165 1676 Γ.
193 1620 340 1688 Quoniam
354 1618 470 1675 elevata
483 1625 529 1675 est
542 1619 762 1694 magnificentia
776 1632 829 1676 tua
842 1640 931 1696 super
943 1620 1038 1679 oaelos.

189 1701 338 1775 Alleluya.
387 1699 416 1754 Γ.
440 1700 530 1774 Eripe
544 1720 590 1756 me
603 1700 640 1756 de
653 1701 782 1756 inimicis
804 1703 885 1769 meis,
908 1701 991 1757 Deus
1013 1722 1106 1771 meus,
1128 1708 1161 1758 et
1183 1703 1224 1759 ab
1249 1703 1346 1760 insur-

128 1781 268 1856 gentibus
280 1783 313 1837 in
327 1802 374 1837 me
388 1780 481 1836 libera
495 1802 550 1836 me.

188 1862 355 1919 »Secundum
374 1861 486 1918 Lucum.
509 1863 586 1933 (xci.
607 1864 682 1937 1-9).

189 1943 227 1999 Ι1
241 1943 294 1999 illo
306 1951 448 2016 tempore,
463 1944 551 1999 Dixit
565 1943 587 1998 J
589 1963 654 1999 esus
667 1944 820 2018 discipulis
835 1944 897 2000 suis
913 1943 1086 2019 parabolam
1103 1944 1183 2001 banc
1199 1964 1207 2013 ;
1238 1945 1341 2002 Homo

126 2023 248 2099 quidam
267 2032 332 2081 erat
348 2025 440 2083 dives.
456 2026 508 2098 qui
527 2025 654 2079 habebat
671 2025 804 2080 villicum
818 2025 918 2103 susque
939 2027 982 2081 ud
1001 2031 1045 2096 ut,
1068 2045 1138 2081 cum
1159 2025 1338 2095 defeceritis,

126 2105 272 2180 recipiant
286 2126 338 2161 vos
352 2107 384 2160 in
400 2114 511 2160 {eterna
528 2105 726 2160 tabemacula.

189 2186 382 2258 Offerlorimn.

185 2266 207 2322 J
209 2266 320 2321 ustitiae
335 2266 458 2321 Domini
472 2272 558 2320 recte
573 2265 756 2322 laetificantes
775 2268 883 2324 corda:
915 2274 946 2325 et
968 2267 1100 2324 dulciora
1118 2286 1211 2343 super
1229 2269 1290 2325 mel
1310 2275 1339 2326 et

123 2345 235 2416 favum,
251 2366 321 2402 nam
334 2354 365 2402 et
378 2366 480 2402 servus
493 2352 564 2401 tuus
577 2347 724 2403 custodiet
737 2367 779 2404 ea
1359 2362 1361 2368 '

185 2427 309 2484 Secreta.

182 2507 306 2583 ,Suscipe
333 2527 465 2576 munera,
494 2528 671 2582 quaesumus
702 2509 840 2579 Domine,
869 2531 936 2585 quae
963 2510 1021 2567 tibi
1050 2509 1088 2566 de
1116 2521 1170 2566 tua
1198 2509 1339 2587 largitate

122 2589 282 2647 deserimus
290 2610 299 2659 ;
320 2596 356 2644 ut
368 2590 431 2645 haec
444 2597 630 2645 sacrosancta
642 2592 793 2666 mysteria,
808 2594 912 2660 emtiae
931 2598 991 2648 tuae
1008 2597 1151 2666 operante
1167 2591 1295 2661 virtute,
1309 2597 1341 2648 et

121 2672 276 2748 praesentis
298 2671 367 2726 vitae
385 2691 439 2726 nos
457 2671 680 2728 mureisrtione
702 2673 897 2740 sanctifi-ent,
912 2680 944 2729 et
964 2672 1003 2728 ud
1024 2672 1134 2747 gaudia
1155 2673 1339 2750 sempiterna

122 2752 296 2828 perducant.
340 2752 406 2808 Per.

185 2833 211 2890 C
212 2854 255 2889 om
260 2854 285 2888 m
291 2834 368 2889 unio.

183 2915 319 2970 Primum
342 2915 466 2989 quaerite
492 2934 614 2988 reguiam
641 2913 718 2970 Dei:
753 2922 784 2970 et
808 2915 913 2971 omnia
933 2915 1115 2990 adjicientur
1142 2914 1241 2986 vobis,
1265 2915 1408 2972 dicita-

122 2995 279 3053 Dominus

181 3076 426 3134 Postcommunio.

182 3158 229 3215 Sit
242 3158 337 3228 nobis,
352 3158 489 3226 Domine,
506 3157 653 3232 reparatio
672 3158 782 3214 mentis
801 3163 832 3212 et
850 3158 981 3232 corporis
1001 3157 1117 3213 ceeleste
1137 3159 1317 3232 mysterium
1329 3173 1388 3228 Ξ

121 3245 157 3296 ut
169 3241 255 3314 cujus
268 3239 458 3314 exsequimur
471 3239 628 3308 actionem,
644 3240 808 3295 sentiamus
821 3239 966 3294 effectum.
1010 3237 1070 3294 Per
1083 3238 1261 3295 Dominum.

591 3428 690 3484 anm
712 3428 850 3495 Qemm

183 3562 233 3618 Ad
253 3561 402 3617 Romanos
420 3561 474 3634 (vi.
494 3560 609 3634 16-18).

183 3643 322 3699 Fratres:
344 3641 484 3710 Nescitis,
502 3642 644 3716 quoniam
661 3639 710 3696 cui
727 3638 877 3695 exhibetis
894 3658 948 3695 vos
970 3657 1069 3696 servos
1089 3658 1183 3713 usque
1196 3641 1240 3696 od
1257 3629 1408 3697 serti?

121 3724 194 3784 facti
207 3724 280 3780 estis
289 3723 425 3796 justitiae,
441 3724 473 3779 in
487 3722 608 3778 Christo
621 3722 643 3778 J
644 3741 696 3777 esu
715 3719 845 3776 Domino
859 3726 969 3776 nostro.

182 3803 353 3864 Seccmdum
373 3803 486 3860 Lucam
506 3803 580 3876 (aui.
600 3803 715 3877 10-18).

184 3886 225 3943 In
252 3883 305 3939 illo
331 3889 472 3958 tempore,
498 3885 587 3940 Dixit
608 3884 630 3942 J
634 3903 701 3940 esus
727 3881 880 3956 discipulis
903 3881 965 3938 suis
976 3901 985 3952 ;
1016 3880 1077 3947 Qui
1103 3881 1202 3939 fidelis
1230 3890 1277 3940 est
1302 3883 1408 3940 in)

122 3969 247 4026 minimo
264 3984 354 4038 usque
372 3966 413 4020 acl
436 3965 506 4039 quia
529 3966 606 4041 quod
625 3964 795 4021 hominibus
812 3962 908 4019 altum
926 3969 981 4032 est,
998 3962 1183 4020 abominatio
1202 3971 1249 4021 est
1266 3967 1408 4021 ante?

124 4049 232 4109 Deum.

608 4163 707 4218 Fama
732 4160 841 4218 Suum.

183 4289 234 4346 Ad
248 4285 414 4346 Omintlcios
427 4286 462 4362 (1
488 4287 507 4344 i.
526 4287 641 4362 17-25).

184 4371 305 4428 Fratres
319 4388 326 4424 ε
349 4369 420 4426 Non
434 4368 516 4423 misit
529 4387 576 4424 me
589 4368 678 4425 lesus
691 4365 841 4442 baptizare
858 4385 945 4440 usque
959 4366 1000 4422 ad
1019 4366 1060 4422 Et
1081 4367 1163 4441 quod
1181 4368 1331 4425 infimum

184 4449 252 4519 Dei,
267 4449 375 4506 fortius
388 4456 434 4509 est
448 4448 625 4507 hominibus.
