2886 4994
117 387 181 449 254
300 361 407 449 ,usa
431 385 471 449 <a
494 384 651 470 olnam
677 358 886 450 ramosam
905 384 990 450 aaa
1014 384 1151 452 orlata

113 551 288 627 sanguinem
303 557 390 609 tuum
407 552 569 628 pretiosum
590 551 624 608 in
644 552 847 610 remissionem
863 557 1054 628 peecatorum
1069 558 1246 609 nostrornm
1261 552 1335 610 effu·

117 632 206 703 disti;
234 640 265 689 te
287 632 443 689 humiliter
465 633 664 708 deprecamur,
686 638 722 689 ut
745 633 778 689 in
800 632 848 690 die
871 633 980 708 judieii
1002 631 1041 689 ad
1064 633 1221 691 dexteram
1246 639 1335 690 tuam

115 712 232 785 statuti,
247 733 265 770 a
283 719 313 770 te
331 713 434 770 audire
451 732 626 784 mereamur,
641 713 763 785 Venite,
778 714 927 771 benedicti
946 713 1048 771 Patris
1066 715 1135 771 mei
1179 713 1243 783 Qui
1263 733 1335 770 cum

117 793 218 852 codem
234 793 324 852 Patre
337 801 368 850 et
382 793 497 869 Spiritu
510 801 612 851 sancto
624 794 704 851 vivis
717 800 748 852 et
769 814 875 871 regnas
892 794 984 852 Deus.
1027 793 1087 852 Per
1104 794 1207 853 omnin
1221 794 1335 853 saecula

117 874 299 933 surculorum.
342 875 452 932 Amen.

180 979 278 1039 Lectio
291 980 444 1039 Zachariae
457 979 608 1056 Propheta
622 979 686 1059 (cii.
704 980 752 1052 10,
770 981 822 1053 ll;
845 980 920 1038 xiil·
930 980 958 1050 6,
974 978 1014 1058 7).

181 1061 257 1120 Hrcc
271 1061 344 1119 dicit
364 1062 512 1118 Dominus
532 1060 633 1132 Deus3
654 1061 816 1118 Effundam
832 1062 870 1119 de
888 1061 1004 1138 Spiritu
1022 1081 1089 1119 meo
1107 1080 1199 1139 super
1210 1062 1338 1120 domum

121 1142 222 1203 David
236 1150 266 1201 ct
279 1162 368 1218 super
380 1143 561 1200 habitatores
575 1142 774 1215 Hierusalem,
791 1142 938 1219 Spiritum
950 1143 1055 1219 gratiae
1069 1149 1101 1200 et
1114 1143 1338 1216 miserationis,

121 1232 153 1282 ot
176 1223 319 1301 aspicient
339 1223 458 1281 insum
479 1243 567 1299 quem
590 1222 787 1294 confixerunt,
802 1230 833 1281 et
850 1223 993 1300 plangent
1011 1243 1080 1281 eum
1094 1224 1182 1300 quasi
1201 1225 1339 1301 unigeni-

122 1311 206 1372 tuur;
237 1310 269 1363 ot
291 1304 434 1362 dolebunt
459 1324 547 1380 super
570 1323 648 1376 eum,
671 1310 708 1361 ut
731 1304 825 1362 doleri
848 1303 922 1362 solet
948 1304 981 1361 in
1006 1310 1102 1362 morte
1130 1304 1336 1381 primogeniti

123 1385 162 1447 ln
184 1384 232 1444 clio
253 1385 305 1443 illa
324 1386 381 1443 orit
401 1386 538 1461 planctus
558 1405 684 1460 magnus
702 1386 734 1443 in
756 1385 954 1443 Hierusalem.
998 1385 1040 1442 Et
1059 1384 1179 1442 dicetur
1192 1387 1241 1458 ei,
1264 1385 1337 1456 Quae

123 1474 194 1527 srrnt
214 1466 278 1525 istra
299 1466 391 1544 plaga
405 1467 438 1523 in
451 1466 549 1523 medio
568 1486 713 1523 manuum
732 1467 873 1524 tuaruml
912 1465 955 1522 Et
972 1464 1052 1522 dixit
1077 1467 1139 1540 eis,
1161 1466 1224 1524 His
1242 1466 1339 1543 plagis

124 1547 260 1627 plagatus
283 1567 348 1606 suns
375 1547 408 1605 in
435 1548 522 1605 domo
546 1567 650 1605 eorum
677 1546 729 1622 qui
755 1566 803 1604 me
825 1546 997 1622 diligebant.
1041 1546 1169 1604 Framea
1191 1547 1340 1605 suscitare

123 1648 212 1708 sopor
225 1635 372 1707 pastorem
386 1647 493 1699 meum,
509 1634 540 1685 et
554 1648 642 1704 super
654 1628 754 1684 virum
775 1628 972 1686 cohaerentem
992 1627 1076 1700 mihi,
1091 1628 1167 1685 dicit
1189 1629 1341 1685 Dominus

124 1710 316 1770 tricasinum.
360 1709 531 1767 Percutiam
557 1715 713 1786 pastorem,
738 1716 769 1765 et
795 1709 1005 1784 dispergentur
1031 1728 1101 1766 oves
1128 1710 1238 1786 gregis,
1265 1708 1341 1768 dicit

127 1791 275 1853 Dorulaus
289 1791 485 1867 omnipotens

190 1883 326 1943 (ι’-ι·αᾶαἶθ.

188 1964 406 2043 Inrproporium
430 1962 615 2040 exspectavit
638 1983 687 2021 eor
713 1981 813 2020 meum
836 1968 868 2020 et
893 1961 1052 2033 miseriam,
1073 1968 1106 2020 et
1128 1963 1265 2021 sustinui
1290 1964 1342 2040 qui

126 2046 214 2109 eiruul
229 2046 456 2104 contristaretur
466 2051 497 2102 et
510 2064 571 2101 non
584 2043 660 2116 fuit,
674 2044 878 2101 consolantem
891 2063 939 2102 me
952 2043 1086 2120 quaesivi,
1101 2051 1132 2102 et
1146 2064 1210 2102 non
1225 2045 1340 2103 inveni

134 2129 162 2189 l'.
190 2127 231 2187 Et
244 2127 390 2185 dederunt
403 2126 436 2184 in
449 2145 545 2183 escam
558 2145 655 2182 meam
668 2124 708 2182 sel
721 2147 727 2182 ε
748 2131 779 2182 et
793 2125 826 2182 in
839 2124 891 2182 siti
907 2145 975 2183 mea
987 2130 1171 2202 potaverunt
1184 2145 1234 2184 me
1248 2132 1340 2184 noete.

191 2225 340 2302 Alleluya.
377 2222 407 2282 V.
429 2222 505 2292 Ave,
517 2241 570 2278 rex
581 2226 689 2290 noster,
700 2221 723 2278 J
724 2241 776 2279 esu
787 2221 905 2279 Christe
917 2243 924 2280 :
945 2221 992 2280 Tu
1004 2229 1122 2280 nostros
1135 2223 1218 2281 solus
1229 2243 1343 2281 errores

129 2315 161 2367 et
179 2312 278 2364 reatus
296 2303 452 2362 miseratus
469 2301 629 2378 pertulisti,
645 2300 731 2359 Patri
753 2302 909 2360 obediens:
929 2302 1037 2361 ductus
1055 2323 1087 2362 es
1105 2303 1144 2361 ad
1162 2324 1290 2378 crucem,
1308 2310 1344 2362 ut

130 2406 225 2465 agnus
232 2390 405 2442 mansuetus
412 2382 451 2440 ad
461 2382 649 2441 occisionem:
663 2382 732 2439 Tibi
744 2383 848 2461 gloria,
860 2383 1007 2442 Hosanna
1016 2384 1095 2458 Tibi,
1110 2404 1237 2444 summae
1247 2386 1344 2444 laudis

130 2475 163 2531 et
177 2465 342 2527 honestatis
355 2465 469 2523 chorea.

191 2559 284 2637 Infra
297 2558 547 2635 Septuopcsirnom
560 2557 679 2614 duntur
691 2556 745 2614 istc
760 2557 892 2616 Tractus.

193 2643 214 2701 J
216 2641 303 2699 udica
317 2660 372 2710 me,
388 2639 479 2709 Deus,
494 2645 524 2696 et
538 2639 669 2695 discerne
683 2657 802 2696 causam
816 2658 912 2696 meam
925 2638 962 2696 de
979 2643 1069 2714 gente
1086 2658 1150 2696 uon
1164 2645 1287 2698 saneta:
1308 2642 1346 2697 ab

132 2725 253 2785 homine
266 2723 369 2799 iniquo
383 2727 414 2778 et
427 2720 527 2779 doloso
541 2721 623 2796 eripe
637 2738 704 2791 me3
725 2720 796 2795 quia
809 2719 854 2776 Tu
868 2739 900 2777 es
914 2719 997 2777 Deus
1010 2719 1156 2777 fortitudo
1170 2741 1247 2780 mea

138 2820 169 2879 V.
195 2818 304 2886 Testes,
320 2814 457 2887 Domine,
466 2812 564 2889 iniqui
576 2813 804 2869 insurrexenmt
813 2813 846 2868 in
859 2832 919 2870 me:
941 2813 1071 2870 traditus
1084 2833 1161 2885 sum,
1173 2820 1205 2872 et
1219 2815 1348 2873 mentita

133 2907 180 2960 est
194 2897 339 2974 iniquitas
353 2895 417 2952 sibi.

142 2982 173 3042 V.
200 2980 296 3055 Supra
331 2976 451 3033 dorsum
489 2993 588 3032 meum
622 2974 843 3032 fabricaverunt
880 2979 1055 3050 peccatores,
1091 2975 1349 3053 prolongavenmt

136 3061 330 3138 iniquitatem
344 3077 434 3114 suam.

142 3144 171 3202 V.
198 3142 263 3218 Ipsi
275 3158 345 3196 vero
366 3136 626 3195 consideravenmt
646 3140 676 3194 et
696 3135 891 3212 inspexerunt
911 3155 976 3194 me:
996 3135 1166 3194 diviserunt
1187 3136 1250 3196 sibi
1262 3139 1350 3197 vesti-

136 3230 238 3283 menta
251 3241 325 3292 mea,
341 3225 371 3276 et
384 3238 473 3294 super
485 3225 598 3275 vestem
612 3236 707 3274 meam
720 3218 866 3275 miserunt
880 3224 998 3275 sortem.

143 3306 173 3364 V.
200 3303 352 3360 Foderunt
376 3319 481 3356 manus
504 3317 583 3355 meas
610 3304 641 3355 et
664 3297 752 3374 pedes
776 3317 872 3355 meos:
900 3305 930 3355 et
954 3299 1226 3358 dinumeraverimt
1250 3301 1350 3360 omnia

138 3406 203 3444 ossa
217 3404 290 3455 mea,
306 3387 336 3439 et
351 3380 478 3437 dolorem
494 3378 652 3437 vulnerum
665 3398 798 3436 meorum
812 3379 999 3438 addiderunt

201 3480 366 3557 Sequentia.

343 3571 454 3630 Oenam
468 3589 535 3628 cum
549 3567 709 3646 discipulis,
724 3570 747 3628 J
748 3589 800 3627 esu
813 3569 975 3643 celebrasti,

384 3651 425 3709 Et
438 3657 565 3709 mortem
578 3651 719 3728 apostolis
732 3650 830 3728 palam
844 3652 1002 3723 nuntiasti,

385 3732 426 3790 Et
439 3738 588 3790 auctorem
603 3731 719 3790 sceleris
732 3732 755 3789 J
756 3732 845 3790 udam
860 3732 1079 3805 demonstrasti,

385 3813 426 3871 Et
440 3832 572 3891 egressus
586 3812 722 3890 protinus
735 3813 889 3872 hortulum
902 3813 1031 3872 intrasti

347 3919 431 3978 Tunc
445 3918 603 3997 procedens
617 3918 764 3976 Dominus
777 3918 862 3977 humi
875 3939 906 3978 se
919 3919 1089 3996 prostravit,

388 4000 429 4058 Et
443 4000 598 4058 transferri
611 3999 731 4058 calicem
744 4020 762 4056 a
775 4019 805 4057 se
819 3999 991 4077 postulavit,

388 4082 447 4140 Sed
461 4080 560 4139 Patris
573 4080 696 4139 arbitrio
709 4080 785 4138 illud
799 4081 1025 4153 commendavit,

389 4162 430 4220 Et
443 4181 514 4219 mox
527 4181 593 4220 occe
605 4162 757 4239 sauguinis
770 4161 860 4220 sudor
872 4163 1030 4220 emanavit

349 4269 371 4326 J
373 4267 445 4326 udas
459 4265 600 4344 posthaec
614 4266 746 4325 osculum
760 4265 879 4326 Christo
892 4266 975 4325 dedit
987 4266 1089 4326 tristi:
1102 4322 1109 4341 ,

390 4348 442 4408 Ad
455 4346 536 4424 quid,
551 4347 651 4424 inquit
663 4347 818 4420 Dominus,
834 4348 935 4422 amice,
949 4348 1077 4406 venistil

391 4428 548 4505 Numquid
561 4429 655 4487 tradis
668 4428 775 4499 osculo,
790 4448 879 4505 quem
887 4431 952 4505 jam
965 4429 1146 4488 vendidisti?

390 4510 575 4571 Assistentes
587 4508 724 4587 protinus
736 4509 889 4570 irruerunt
901 4511 1038 4569 ministri
