2918 4986
177 339 241 402 164
547 332 663 402 Oratio
685 333 795 399 000011
816 332 1017 418 Augustini.

174 509 258 581 potes
270 502 367 561 facere
380 502 525 560 mundum
538 501 574 559 de
587 499 742 559 immundo
755 506 930 578 conceptum
950 501 1071 574 semiue,
1084 507 1116 560 ct
1129 502 1167 560 de
1180 503 1383 579 peccatoribus

172 584 270 660 justos
283 583 355 640 facis
369 589 399 641 et
412 589 535 640 sanctos.

237 665 296 722 Per
313 664 390 721 banc
403 662 647 740 omnipotentiam
668 667 752 720 tuam
773 669 804 720 te
823 682 902 739 rogo,
918 662 1043 721 concede
1063 663 1140 721 mibi
1160 665 1311 741 peccatori
1332 665 1389 724 hoc

176 744 291 804 oaelestc
304 744 479 802 sacmficium
493 743 648 814 celebrare,
662 763 731 801 cum
743 744 850 801 timore
864 750 895 801 et
908 751 1045 817 tremore,
1060 764 1129 802 cum
1142 745 1240 804 cordis
1253 746 1389 823 puritate

177 832 208 884 et
221 826 418 900 lacrymarum
430 824 521 896 fonte,
537 843 605 881 cum
618 824 723 881 laetitia
736 824 886 899 spirituali
898 830 929 881 et
941 825 1049 902 gaudio
1062 825 1179 884 caelesti

238 905 355 964 Sentiat
368 925 451 962 mens
464 924 528 962 mea
542 904 726 962 dulcedinem
746 905 921 962 beatissimae
939 906 1102 982 prasentia
1115 913 1185 979 tuae,
1200 913 1232 965 et
1247 909 1394 966 excubias

175 993 347 1046 sanctorum
366 992 487 1043 tuorum
507 986 541 1042 in
560 986 686 1043 circuitu
706 1005 778 1043 meo.
822 986 887 1063 Ego
900 988 981 1044 enim
1000 1006 1113 1045 memor
1125 989 1304 1046 venerandae
1325 1009 1392 1066 pas·

177 1069 268 1126 sionis
278 1074 338 1125 tuae
348 1067 452 1124 accedo
462 1067 500 1124 ad
510 1066 604 1124 altare
613 1072 709 1138 tuum,
721 1067 792 1124 licet
801 1073 945 1142 peccator,
956 1073 992 1125 ut
1003 1067 1122 1126 offeram
1135 1068 1194 1126 tibi
1207 1069 1386 1128 sacrificinm

177 1149 258 1226 qnod
270 1154 306 1205 tu
319 1148 487 1219 instituisti,
502 1152 533 1205 et
546 1146 645 1205 offerri
663 1148 835 1223 praecepisti,
850 1148 882 1204 in
896 1150 1171 1207 commemoratione
1191 1150 1239 1206 tui
1253 1169 1309 1226 pro
1321 1170 1387 1209 nos·

177 1236 225 1287 tra
245 1230 347 1287 salute.
390 1228 512 1304 Suscipe
532 1247 601 1304 ergo
620 1228 704 1299 illud,
724 1247 831 1304 quaeso,
851 1248 965 1287 summe
982 1228 1082 1301 Pater,
1102 1250 1157 1306 pro
1177 1231 1315 1289 Ecclesia
1334 1238 1387 1289 trra

178 1317 281 1369 sancta
293 1317 323 1368 et
342 1309 451 1387 populo
467 1315 521 1366 tuo
535 1328 624 1384 quem
641 1309 824 1384 acquisivisti
841 1310 983 1386 sanguine
1000 1316 1060 1369 tuo.
1104 1310 1145 1367 Et
1159 1312 1212 1387 qui
1225 1331 1274 1370 me
1287 1332 1387 1389 pccca-

178 1398 273 1449 torem
286 1392 365 1448 inter
377 1398 408 1448 te
422 1396 453 1447 et
465 1390 592 1447 eundem
606 1390 749 1466 populum
762 1389 891 1447 medium
906 1410 968 1448 esse
980 1390 1112 1463 voluisti,
1122 1392 1193 1449 licet
1206 1393 1239 1449 in
1253 1412 1302 1450 me
1316 1394 1386 1450 boni

178 1473 273 1549 operis
286 1492 347 1530 non
367 1471 499 1548 agnoscis
519 1471 732 1542 testimonium,
746 1470 875 1527 officium
895 1471 1000 1528 saltem
1020 1472 1246 1548 dispensationis
1268 1474 1385 1532 creditae

178 1572 238 1610 non
252 1572 375 1624 recuses,
389 1572 443 1610 nec
456 1571 509 1628 per
522 1571 569 1608 me
582 1551 739 1627 indignum
759 1571 860 1608 eorum
879 1552 984 1609 salutis
997 1559 1097 1629 pereat
1110 1554 1241 1629 pretium
1255 1574 1311 1631 pro
1324 1555 1386 1632 qui·

177 1634 242 1708 bus,
256 1635 378 1691 victima
390 1632 496 1707 factus,
510 1632 648 1690 salutaris
661 1632 800 1708 dignatus
813 1653 844 1690 es
858 1652 919 1690 esse
931 1633 1104 1709 redemptio.

238 1715 361 1772 Profero
388 1733 466 1791 ergo,
494 1713 631 1784 Domine,
657 1713 683 1769 si
706 1712 835 1788 digneris
861 1715 1008 1790 propitius
1034 1714 1153 1787 intueri,
1176 1715 1385 1774 tribulationes

176 1796 318 1874 plebium,
332 1795 464 1872 pericula
476 1794 661 1871 populorum,
677 1795 862 1869 captivorum
875 1795 1011 1871 gemitus,
1027 1796 1159 1854 miserias
1173 1796 1382 1872 orphanorum,

177 1878 365 1935 necessitates
378 1876 608 1952 peregrinorum,
623 1875 753 1950 inopiam
767 1875 917 1948 debilium,
933 1876 1150 1953 desperationes
1167 1876 1383 1954 languentium,

178 1959 309 2016 deiectus
322 1977 435 2029 senum,
449 1957 575 2032 suspiria
587 1956 740 2030 juvenum,
756 1962 826 2013 vota
839 1957 996 2032 virginum,
1012 1957 1142 2015 lamenta
1154 1957 1334 2032 viduarum3
1353 1965 1386 2016 tu

179 2040 259 2097 enim
273 2038 418 2096 misereris
432 2037 573 2108 omnium,
589 2035 725 2107 Domine,
741 2043 771 2094 et
785 2036 861 2093 nihil
875 2037 965 2095 odisti
978 2057 1080 2095 eorum
1093 2057 1159 2115 quae
1172 2038 1280 2096 fecisti

240 2119 406 2176 Memorare
426 2137 492 2193 quae
512 2117 553 2174 sit
565 2122 667 2173 nostra
680 2117 846 2175 substantia
853 2138 863 2191 3
883 2124 918 2176 tn
932 2118 1014 2176 Deus
1027 2125 1180 2192 nosteros,
1195 2138 1235 2177 ne
1250 2119 1386 2179 irascaris

178 2200 272 2272 nobis,
288 2219 389 2275 neque.
396 2198 621 2255 multitudinem
634 2197 780 2255 viscerum
795 2205 916 2256 tuorum
936 2198 1142 2258 misericordiae
1156 2206 1217 2258 tuae
1231 2220 1386 2278 supernos

178 2280 347 2351 contineas;
367 2299 428 2336 non
441 2279 521 2336 enim
535 2279 568 2334 in
577 2278 839 2354 justificationibus
852 2280 962 2337 nostris
974 2282 1188 2357 prosternimus
1200 2300 1304 2358 preces
1317 2290 1386 2341 ante

175 2361 284 2418 faciem
297 2367 389 2431 tuam,
406 2360 457 2417 sed
470 2360 502 2416 in
516 2359 755 2417 miserationibus
767 2360 829 2418 tuis
842 2361 951 2418 multis

240 2441 337 2499 Aufer
350 2462 368 2498 a
380 2441 475 2511 nobis,
491 2440 627 2512 Domine,
642 2440 816 2516 iniquitates
833 2449 957 2514 nostras,
973 2448 1004 2500 et
1021 2442 1120 2519 ignem
1139 2442 1242 2501 Sancti
1256 2443 1385 2521 Spiritus

179 2523 212 2579 in
225 2522 310 2580 nobis
325 2523 484 2580 clementer
497 2522 628 2579 accende.
672 2522 770 2578 Aufer
782 2541 832 2579 cor
850 2522 1000 2598 lapideum
1013 2524 1050 2581 de
1063 2543 1150 2581 carne
1170 2529 1281 2597 nostra,
1298 2533 1331 2584 et
1350 2527 1387 2583 da

179 2604 265 2661 nobis
285 2623 335 2661 cor
355 2623 503 2674 carneum,
518 2602 597 2678 quod
616 2608 646 2659 te
664 2602 778 2674 timeat,
793 2609 824 2661 te
843 2609 929 2672 amet,
944 2609 975 2661 te
991 2604 1105 2682 diligat,
1121 2605 1154 2662 in
1168 2611 1199 2662 te
1212 2604 1384 2679 delectetur,

179 2691 211 2742 te
238 2691 386 2761 sequatur,
409 2691 439 2742 te
462 2684 640 2760 perfruatur.
698 2683 832 2756 Oramus,
858 2684 996 2754 Domine,
1020 2686 1207 2744 clementiam
1231 2692 1327 2761 tuam,
1351 2696 1387 2745 ut

179 2766 323 2824 familiam
341 2773 433 2837 tuam,
452 2765 527 2823 sacri
548 2764 677 2821 nominis
694 2765 742 2821 tui
759 2765 854 2822 officio
875 2766 1103 2841 praestolantem,
1128 2786 1232 2825 sereno
1257 2769 1387 2845 aspicere

179 2847 308 2924 digneris
321 2848 417 2920 vultu,
433 2852 464 2904 et
477 2852 512 2903 ut
529 2845 641 2903 nullius
658 2846 698 2902 sit
715 2844 835 2902 irritum
852 2852 965 2919 votum,
981 2847 1093 2904 nullius
1105 2867 1200 2906 vacua
1216 2851 1386 2924 postulatio,

179 2934 215 2986 tu
228 2930 313 2986 nobis
327 2947 427 3005 preces
440 2947 569 3004 suggere,
585 2945 658 3002 quas
672 2926 734 3002 ipse
748 2926 850 2984 audire
863 2927 1010 3003 propitius
1023 2934 1054 2986 et
1067 2929 1208 2986 exaudire
1221 2929 1385 2989 delecteris.

240 3009 391 3086 Rogamus
404 3016 434 3067 te
447 3009 546 3079 etiam,
561 3009 637 3064 bone
650 3008 672 3065 J
674 3027 734 3078 esu,
743 3027 797 3083 pro
810 3008 964 3083 spiritibus
977 3008 1109 3066 fidelium
1122 3009 1341 3085 defamatorum,
1352 3019 1389 3069 ut

180 3091 219 3148 sit
243 3091 302 3148 illis
326 3092 445 3162 sanitas,
464 3089 551 3159 salus,
569 3088 710 3166 gaudium
730 3097 761 3145 et
780 3088 973 3165 refrigerium.
1017 3089 1085 3148 Hoc
1105 3109 1248 3167 magnum
1268 3093 1388 3169 pictatis

180 3178 405 3243 sacramentum,
421 3171 504 3228 Deus
517 3189 606 3242 meus,
623 3170 662 3226 sit
675 3169 735 3226 illis
755 3168 842 3226 hodie
862 3188 1002 3246 magnum
1022 3170 1144 3247 plenum
1157 3172 1331 3232 convivium
1351 3175 1389 3232 dc

179 3259 219 3324 te,
234 3273 310 3330 pane
323 3253 401 3324 ¹rivo,
417 3252 469 3327 qui
483 3252 520 3308 de
533 3251 603 3307 caelo
624 3249 808 3321 descendisti,
825 3256 856 3308 et
870 3251 922 3307 das
935 3251 1030 3309 vitam
1050 3252 1162 3309 mundo
1174 3252 1212 3310 de
1224 3259 1280 3312 tua
1300 3275 1388 3313 carne

180 3341 281 3392 sancta
302 3339 332 3390 et
351 3332 514 3403 benedicta,
530 3332 599 3408 agni
612 3330 751 3388 videlicet
770 3331 953 3388 immaculati
967 3333 1019 3408 qui
1032 3333 1113 3390 tollit
1132 3339 1253 3409 peccata
1270 3337 1385 3406 mundi,

180 3434 246 3490 quae
261 3415 297 3471 de
310 3420 411 3472 sancto
430 3413 563 3490 gloriosae
577 3411 700 3488 virginis
721 3412 826 3468 Mariae
843 3418 928 3469 utero
942 3419 987 3470 est
1000 3420 1159 3490 assumpta,
1175 3414 1257 3474 etde
1272 3417 1386 3493 Spiritu

180 3495 289 3552 Sancto
310 3500 450 3570 concepta
460 3513 469 3565 3
492 3493 529 3550 de
542 3492 594 3549 1110
614 3493 736 3568 inquam
755 3493 875 3569 pietatis
895 3493 976 3551 fonte
997 3494 1050 3570 qui
1063 3514 1116 3571 per
1128 3494 1261 3555 lanceam
1283 3498 1386 3555 militis

180 3595 218 3632 ex
238 3583 291 3632 tuo
312 3575 495 3633 sanctissimo
515 3573 607 3631 latere
623 3573 748 3630 feliciter
769 3573 918 3631 emanavit
938 3580 974 3631 ut
994 3575 1101 3632 exinde
1114 3576 1218 3634 refecti
1231 3583 1263 3636 et
1276 3580 1388 3650 satiati,

179 3657 344 3730 refrigerati
357 3663 387 3713 et
400 3654 550 3725 consolati,
567 3654 718 3711 exsultent
731 3654 764 3711 in
777 3655 864 3711 laude
879 3661 909 3712 et
922 3655 1016 3732 gloria
1029 3662 1090 3714 tua.

241 3737 287 3793 Tu
301 3737 379 3792 enim
393 3735 498 3793 dixisti
510 3755 560 3792 ore
576 3742 629 3792 tuo
649 3740 749 3792 sancto
771 3742 801 3792 et
820 3736 975 3793 benedicto
984 3756 994 3809 ;
1014 3737 1105 3794 Panis
1126 3757 1215 3814 quem
1235 3760 1290 3817 ego
1310 3741 1387 3798 dabo

179 3838 247 3875 caro
261 3837 327 3874 mea
344 3823 388 3874 est
408 3837 462 3894 pro
482 3816 582 3873 saeculi
595 3816 658 3872 vita
667 3835 675 3886 3
696 3817 721 3872 si
741 3817 808 3892 quis
824 3817 1049 3875 manducaverit
1068 3838 1106 3876 ex
1126 3818 1182 3877 hoc
1202 3840 1289 3897 panc,
1303 3823 1385 3880 vivet

179 3901 211 3956 in
236 3906 387 3957 aeternum.
441 3899 533 3956 Panis
555 3897 730 3969 dulcissime,
749 3916 821 3954 sana
838 3898 972 3974 palatum
996 3899 1091 3956 cordis
1109 3900 1176 3974 mei,
1199 3907 1236 3958 ut
1259 3903 1384 3960 sentiam

179 3981 357 4038 suavitatem
377 3979 485 4036 amoris
498 3978 552 4035 aui.
595 3978 673 4036 Sana
686 3998 755 4035 eum
769 3980 806 4035 ab
820 3979 902 4036 omni
922 3979 1071 4056 languore,
1087 3986 1122 4038 ut
1142 3981 1258 4039 nullam
1278 3990 1386 4060 praeter

179 4069 209 4120 te
223 4063 333 4119 sentiat
347 4061 541 4117 dulcedinem.

240 4144 330 4201 Panis
351 4141 563 4212 candidissime,
578 4140 689 4197 habens
702 4160 788 4199 omne
802 4141 1050 4199 delectamentum
1065 4148 1095 4200 et
1114 4162 1233 4202 omnem
1253 4165 1384 4223 saporem

178 4226 342 4296 suavitatis,
358 4224 410 4300 qui
430 4242 484 4278 nos
504 4222 599 4279 reficis
619 4241 733 4298 semper
746 4227 777 4279 et
796 4223 830 4279 in
850 4228 881 4279 te
901 4243 1055 4298 nunquam
1075 4224 1183 4298 deficis,
1200 4228 1336 4285 comedat
1356 4233 1384 4283 te

178 4328 228 4363 cor
241 4327 348 4377 meum,
365 4311 395 4362 et
408 4303 563 4361 dulcedine
577 4304 687 4378 saporis
701 4304 747 4360 tui
761 4304 931 4379 repleantur
944 4305 1056 4362 viscera
1069 4306 1175 4363 animae
1188 4326 1270 4367 meae.

239 4388 402 4444 Manducat
423 4392 453 4442 te
476 4385 597 4460 angelus
618 4385 705 4461 pleno
728 4404 778 4442 ore
788 4405 797 4457 3
817 4385 976 4442 manducet
996 4393 1026 4444 te
1043 4387 1216 4463 peregrinus
1229 4389 1319 4449 homo
1332 4407 1384 4467 pro

177 4469 296 4526 modulo
310 4489 370 4541 suo,
384 4487 422 4525 ne
436 4466 558 4524 delicere
571 4466 664 4542 possit
677 4467 709 4523 in
722 4466 780 4537 via,
795 4464 850 4524 tali
862 4472 1010 4525 recreatus
1023 4467 1138 4528 viatico,
