2918 4986
387 403 571 468 Dominica
585 404 628 469 in
641 403 765 470 Roneis
779 404 994 471 Palinurum.
1249 408 1290 470 89

88 569 123 626 R.
150 569 415 628 Circumdederunt
428 591 482 628 me.

94 651 122 709 V.
150 651 298 720 Quoniam
311 652 473 708 tribulatio,

146 731 298 807 Reincepto
312 733 347 790 ab
362 733 465 790 eisdem
486 732 682 808 Responsorio,
699 734 786 790 intret
795 735 936 809 processio
950 733 985 791 in
1000 733 1137 806 Odorem,
1153 743 1179 791 et
1193 753 1291 810 sequa-

88 821 137 869 tar
156 812 318 871 Versicnlas
330 814 520 871 sacerdotalis.

147 892 327 951 Benedictus
340 894 392 970 qui
404 896 488 951 venit
501 895 533 951 in
547 894 666 952 nomine
680 895 809 953 Domini.

86 974 122 1031 R.
149 974 295 1031 Hosanna
308 975 341 1030 in
355 975 484 1032 excelsis.

148 1054 257 1112 Oratio.

148 1135 342 1212 Omnipotens
355 1136 531 1213 sempiterne
546 1135 636 1210 Deus,
654 1138 705 1214 qui
719 1138 848 1195 humano
862 1138 970 1215 generi

148 1262 288 1345 [Qnamdo
301 1287 365 1324 aero
380 1277 500 1342 propter
513 1269 708 1343 intemperiem
721 1269 797 1326 aeris
811 1269 954 1344 processio
968 1271 1023 1343 fiet
1039 1267 1122 1342 infra
1136 1269 1287 1340 sconsam,

86 1347 127 1404 sie
147 1347 307 1419 ordinetur,
325 1357 359 1404 nt
376 1347 555 1423 Antiphone,
578 1349 694 1425 Dignus
715 1369 753 1421 es,
770 1349 905 1422 Domine,
923 1359 1054 1407 cantetur
1072 1370 1170 1406 coram
1187 1349 1288 1407 Altare

87 1429 172 1484 beatos
186 1425 300 1499 Mariae,
317 1437 343 1485 et
356 1449 446 1486 semro
460 1430 578 1486 dicatur
590 1430 625 1486 in
641 1428 781 1505 Capitale.
818 1429 894 1487 Aliae
906 1430 1082 1506 Antiplcome
1094 1433 1176 1505 fiant
1190 1450 1287 1487 secan-

87 1509 160 1565 dam
172 1508 387 1583 dispositionem
403 1509 544 1569 Conteris.
582 1511 686 1568 Postea
699 1531 763 1568 oero
776 1514 857 1586 fiant
872 1532 970 1586 preces
983 1511 1078 1568 solitae.
1115 1509 1210 1566 Nulla
1223 1531 1287 1568 oero

86 1598 218 1663 sequetur
230 1590 348 1661 vocatio,
363 1591 406 1647 oei
425 1592 687 1663 excommunicatio,
704 1593 736 1649 ob
749 1593 937 1649 reverentiam
950 1591 1112 1649 Dominicce
1125 1590 1285 1662 Passionis,

86 1670 146 1726 nisi
164 1690 270 1744 serpens
289 1672 438 1728 necessitas
453 1672 651 1746 postulaverit.
693 1672 764 1729 Post
779 1673 946 1748 prandiam
966 1693 1031 1730 oero
1052 1673 1159 1729 iterum
1178 1692 1287 1746 mapna

88 1749 170 1808 Urna
183 1751 479 1826 cooperiatur-MS.
497 1750 549 1833 D.]

145 2018 195 2077 Ad
207 2021 339 2078 Missam.
384 2021 524 2097 Officium.

143 2099 281 2174 Domine,
295 2122 333 2160 ne
345 2103 432 2179 longe
445 2104 534 2160 facias
548 2103 693 2161 auxilium
707 2110 794 2161 tuum
808 2124 826 2160 a
839 2123 904 2175 me;
924 2105 962 2161 ad
976 2104 1175 2160 defensionem
1189 2123 1285 2161 meam

87 2181 198 2257 aspice:
219 2181 312 2240 libera
329 2203 376 2241 me
395 2187 431 2242 de
451 2204 500 2242 ore
518 2185 618 2257 leonis,
641 2191 672 2242 et
689 2205 707 2242 a
721 2185 858 2242 cornibus
875 2185 1064 2243 unicornium
1084 2185 1285 2242 humilitatem

88 2280 188 2320 meam.

144 2343 291 2402 Psaimas.

91 2423 236 2497 Deus,
251 2425 332 2483 Deus
346 2446 437 2498 meus,
453 2427 563 2503 respice
577 2427 610 2483 in
623 2446 688 2485 me:
706 2446 797 2503 quare
811 2447 858 2485 me
872 2427 1064 2503 dereliquisti

146 2504 254 2562 Oratio

144 2585 338 2661 Omnipotens
365 2588 542 2664 sempiterne
566 2588 656 2661 Deus,
682 2588 734 2664 qui
757 2588 887 2649 humano
911 2589 1012 2665 generi
1039 2589 1077 2645 ad
1104 2588 1283 2646 imitandum

86 2664 262 2724 humilitatis
284 2669 461 2744 exemplum,
477 2635 660 2726 Salvatoreni
683 2675 817 2726 nostrum
840 2689 956 2726 carnem
979 2689 1093 2726 sumere
1117 2675 1147 2726 et
1169 2689 1284 2726 crucem

85 2745 182 2804 subire
195 2747 309 2806 fecisti:
330 2749 454 2806 concede
464 2749 618 2825 propitius,
627 2755 662 2806 ut
676 2755 706 2806 et
716 2751 890 2825 patientiae
882 2751 974 2826 ipsius
988 2750 1095 2806 habere
1106 2749 1283 2807 documenta

86 2834 114 2884 et
86 2829 349 2894 eresurrectionis
363 2830 509 2887 consortia
523 2850 694 2890 mereamur.
739 2830 798 2887 Per
811 2830 944 2888 eundem.

144 2907 241 2967 Lectio
256 2911 378 2984 epistolae
392 2911 466 2969 beati
479 2911 572 2967 Pardi
585 2909 722 2986 Apostoli.

144 2988 194 3047 Ad
206 2990 407 3066 Philippenses
420 2991 469 3069 (ii.
487 2990 585 3067 5-11)

143 3069 281 3128 Fratres:
306 3072 374 3129 Hoc
393 3073 472 3129 enim
490 3073 598 3128 sentite
618 3073 650 3128 in
669 3072 759 3144 vobis,
780 3072 859 3147 quod
877 3078 908 3128 et
925 3072 958 3127 in
973 3070 1091 3128 Christo
1105 3071 1127 3128 J
1129 3091 1179 3128 esu
1193 3091 1283 3146 usqae

85 3151 124 3221 ad
137 3152 207 3226 quia
220 3152 367 3210 Dominus
380 3161 481 3210 noster
494 3153 515 3210 J
517 3173 582 3210 esus
596 3152 732 3210 Christus
745 3153 777 3209 in
791 3151 884 3228 gloria
897 3158 942 3209 est
956 3151 1014 3208 Dei
1028 3151 1133 3208 Patris.

146 3230 281 3290 Gradale.

144 3311 280 3371 Tenuisti
292 3334 413 3372 manum
428 3315 581 3372 dexteram
595 3333 709 3371 meam:
731 3320 761 3371 et
774 3314 807 3370 in
820 3314 975 3372 voluntate
992 3319 1045 3371 tua
1058 3311 1209 3372 deduxisti
1222 3333 1269 3371 me
1275 3335 1284 3386 3

85 3398 193 3450 etcum
208 3394 301 3471 gloria
315 3396 499 3472 assumpsisti
513 3415 566 3453 me.

89 3473 117 3532 V.
145 3475 242 3544 Quam
263 3475 358 3535 bonus
379 3477 472 3534 Israel
490 3477 572 3533 Deus
594 3477 682 3534 rectis
699 3477 801 3534 corde:
827 3477 886 3533 mei
907 3483 1007 3534 autem
1024 3496 1100 3552 pene
1118 3477 1193 3533 moti
1211 3482 1281 3534 sunt

82 3555 177 3630 pedes,
193 3574 267 3632 pene
280 3557 365 3614 effusi
378 3564 447 3614 sunt
468 3577 582 3634 gressus
595 3558 672 3615 mei:
701 3559 771 3633 quia
789 3557 880 3614 zelavi
898 3557 931 3613 in
947 3558 1157 3634 peccatoribus,
1180 3577 1282 3634 pacem

84 3643 270 3710 peccatorum
282 3637 393 3695 videns.

146 3716 277 3776 Tractus.
496 3786 498 3791 Ι

144 3797 234 3870 Deus,
250 3798 332 3856 Deus
345 3819 434 3871 meus,
450 3799 560 3875 respice
573 3799 606 3855 in
619 3819 683 3856 me:
705 3819 796 3875 quare
810 3819 857 3856 me
871 3798 1056 3875 dereliquisti
1069 3802 1079 3858 l

90 3875 119 3934 V.
147 3877 248 3956 Longe
262 3899 280 3936 a
293 3881 387 3938 salute
401 3900 482 3937 mea:
504 3880 594 3936 verba
607 3880 784 3937 delictorum
797 3899 936 3937 meorum.

90 3957 118 4015 V.
144 3958 228 4017 Dens
251 3980 341 4031 meus,
360 3960 491 4018 clamabo
514 3981 567 4037 per
588 3961 676 4034 diem,
695 3980 749 4018 neo
771 3961 927 4018 exaudies:
949 3966 979 4018 et
1001 3966 1096 4034 noete,
1112 3966 1142 4018 et
1163 3980 1223 4017 non
1245 3960 1283 4064 ad

83 4037 285 4114 insipientiam
298 4006 380 4101 mihi.

88 4118 118 4178 V.
143 4120 190 4178 Tu
207 4123 336 4179 autem
328 4142 360 4178 m
383 4128 483 4179 sancto
504 4121 628 4194 habitae,
647 4087 711 4178 laus
734 4121 846 4180 Israel:
868 4123 900 4179 in
922 4132 953 4180 te
974 4126 1166 4198 speraverunt
1184 4125 1281 4197 patres

83 4202 186 4273 nostri,
201 4207 395 4278 speraverunt
409 4211 439 4260 et
454 4203 587 4260 liberasti
601 4222 656 4260 eos

90 4280 120 4339 V.
145 4283 198 4340 Ad
219 4290 250 4341 te
272 4283 481 4356 clamaverunt,
499 4290 529 4342 et
551 4284 626 4341 salvi
647 4283 719 4341 sacti
740 4289 827 4340 sunt:
856 4284 933 4340 inte
947 4287 1149 4359 speraverunt,
1169 4286 1199 4338 et
1220 4299 1281 4337 non

84 4368 154 4420 sunt
167 4364 289 4422 confusi.

90 4442 117 4500 V.
143 4444 207 4523 Ego
231 4451 332 4502 autem
356 4464 421 4502 sum
441 4446 557 4519 vermis,
580 4452 610 4503 et
637 4464 698 4503 non
721 4445 826 4502 homo:
857 4444 1047 4521 opprobrium
1071 4441 1235 4513 hominum,
1251 4450 1282 4499 et

84 4524 207 4601 abjectio
220 4526 324 4603 plebis.
