2918 4986
124 371 185 436 156
468 368 571 434 Ferio
591 368 634 434 io.
654 373 729 454 post
750 368 969 433 Pentecosten.

181 536 422 595 Postcommaaio.

182 618 300 675 Montes
314 625 437 688 nostras,
452 636 626 692 quaesumus,
643 615 779 687 Domine,
796 614 924 692 Spiritus
945 615 1071 673 Sanctus
1085 615 1197 673 divinis
1210 621 1326 692 reparet

121 699 320 770 sacramentis
336 699 404 773 quia
418 698 480 772 ipse
495 704 539 754 est
552 697 684 754 remissio
695 697 827 753 omnium
841 702 1033 772 peccatorum
1077 696 1137 754 Per
1151 696 1325 756 Dominum.

123 779 160 835 In
176 779 293 836 unitate
307 778 444 854 ejusdem.

595 887 696 945 anm
723 885 859 956 Quaeri.

186 967 325 1043 Officium.

182 1048 273 1121 Deus
288 1051 359 1105 dum
380 1048 555 1125 egredereris
575 1068 673 1106 eoram
693 1049 802 1124 populo
817 1054 879 1119 tuo,
895 1048 1040 1124 alleluya:
1061 1047 1119 1107 iter
1140 1049 1252 1107 faciens
1277 1049 1327 1122 eis,

121 1129 271 1205 alleluya:
295 1129 432 1186 habitans
442 1131 474 1186 in
487 1130 555 1202 illis,
570 1129 705 1204 alleluya,
721 1129 854 1204 alleluya
963 1202 964 1205 Ἴ

182 1210 231 1268 Ps.
276 1211 425 1285 Exsurgat
449 1211 538 1281 Deus,
560 1217 590 1267 61
613 1210 793 1286 dissipentur
814 1209 929 1267 inimici
953 1210 1039 1286 ejus:
1074 1216 1104 1268 et
1130 1210 1252 1287 fugiant
1276 1209 1328 1286 qui

124 1290 251 1348 oderunt
265 1311 332 1347 eum
347 1311 364 1347 a
377 1291 451 1348 facie
465 1292 533 1365 ejus

183 1371 285 1429 Gloria
297 1372 329 1428 in
343 1372 463 1429 excelsis
477 1372 549 1429 Deo.

182 1452 336 1510 Promisso
351 1462 467 1510 1661661
481 1453 615 1524 Oremus,
639 1449 747 1509 Oratio.

182 1533 300 1590 Mentes
323 1541 448 1605 nostras,
475 1553 650 1609 quaesumus,
674 1523 812 1605 Domine,
835 1532 999 1590 Paraclitus
1024 1533 1075 1608 qui
1099 1553 1118 1590 a
1140 1539 1172 1590 te
1194 1533 1328 1609 procedit

122 1613 279 1686 illuminet,
302 1621 332 1671 et
352 1614 473 1672 inducat
495 1615 528 1671 in
546 1634 672 1685 omnem,
693 1613 769 1670 sicut
789 1620 858 1670 tuus
880 1613 1014 1689 promisit
1034 1614 1137 1685 Filius,
1158 1615 1326 1671 veritatem.

121 1693 183 1762 Qui
197 1701 295 1751 tecum
309 1695 387 1751 vivit
400 1701 430 1752 et
443 1701 555 1770 regnat.
598 1695 637 1751 In
651 1695 768 1751 unitate
782 1694 919 1769 ejusdem.

183 1775 279 1833 Lectio
294 1776 363 1833 libri
375 1775 532 1851 Sapientior
545 1776 589 1850 (a
603 1774 678 1853 1-7).

182 1855 221 1912 In
235 1857 337 1913 diebus
360 1856 426 1928 illis,
444 1856 533 1913 Dixit
555 1857 693 1913 Solomon
714 1855 783 1912 filiis
800 1855 901 1926 Israel,
923 1855 1047 1934 Diligite
1064 1856 1217 1932 justitiam
1238 1876 1327 1932 usqne

120 1937 163 1992 ad
176 1938 328 1993 scientiam
342 1937 432 1994 habet
445 1937 531 1993 vocis

182 2017 330 2093 Alleluya.
375 2017 495 2075 Emitte.

182 2098 252 2154 Non
266 2107 412 2172 repetatur
426 2097 575 2174 Alleluya,
591 2097 640 2153 sed
654 2107 792 2171 sequatur

183 2178 330 2234 Dominus
345 2178 503 2235 vobiscum.
547 2177 679 2235 Oremus,

185 2259 292 2315 Oratio.

182 2338 315 2395 Concede
340 2358 515 2414 quaesumus,
537 2339 722 2415 omnipotens
750 2341 839 2412 Deus,
862 2346 897 2397 ut
925 2340 978 2415 qui
1001 2339 1232 2398 sollemnitatem
1257 2341 1326 2399 doni

122 2419 224 2476 Sancti
234 2420 363 2493 Spiritus
377 2420 507 2492 colimus,
520 2420 682 2477 coelestibus
693 2420 844 2478 desideriis
852 2421 966 2478 accensi
979 2421 1091 2478 fontem
1102 2422 1173 2478 vitae
1184 2423 1326 2492 sitiamus

122 2500 286 2557 Dominum
306 2509 442 2557 nostrum
462 2501 566 2558 Jesum
587 2501 740 2558 Christum
761 2502 873 2558 Filium
893 2509 987 2559 tuum.
1032 2501 1092 2570 Qui
1119 2508 1219 2560 tecum
1240 2503 1325 2560 vivit.

124 2580 163 2636 In
176 2581 291 2637 unitate
305 2582 442 2658 ejusdem.

181 2662 277 2719 Lectio
291 2661 421 2720 Actania
433 2662 637 2737 Apostolorum
651 2662 699 2740 (ii.
719 2663 831 2741 14-21)
882 2739 884 2742 .

183 2742 222 2799 In
243 2742 346 2800 diebus
365 2744 443 2815 illus,
459 2744 547 2801 Stans
568 2744 676 2801 Petrus
689 2765 756 2801 cum
777 2744 914 2801 undecim
929 2743 1058 2801 elevavit
1071 2764 1172 2802 vocem
1188 2765 1282 2818 suam,
1298 2751 1327 2803 61

121 2824 237 2881 16661116
261 2831 306 2881 661
331 2825 390 2896 eis,
419 2825 489 2881 Viri
512 2824 724 2900 induciasque
748 2827 789 2882 od
812 2825 981 2901 quicunque
1008 2824 1192 2883 invocaverit
1220 2846 1328 2885 nomen

123 2905 246 2962 Domini
259 2905 358 2962 salvus
370 2906 434 2962 erit.

181 2986 330 3062 Alleluya.
381 2987 408 3045 V.
433 2986 541 3044 Factus
561 2992 606 3044 est
626 2993 746 3064 repente
760 2986 795 3043 de
809 2986 879 3044 coelo
896 3007 984 3044 sonus
1003 2987 1189 3045 advenientis
1207 2987 1328 3065 spiritus

121 3066 310 3124 vehementis

182 3147 344 3222 Sequentia.

122 3227 253 3285 Resonet
267 3234 380 3286 sacrata
397 3229 460 3304 jam
474 3234 573 3285 turma
587 3229 656 3286 diva
669 3228 843 3305 symphonia

122 3308 249 3384 Repleta
262 3310 369 3384 gaudia
383 3310 526 3384 promissa
539 3330 555 3367 e
569 3310 639 3367 coelo
653 3311 776 3368 reddita.
1130 3372 1132 3377 ,

122 3390 162 3446 In
176 3392 270 3446 unum
281 3388 490 3466 congregatur*
503 3391 702 3466 apostolorum
716 3391 848 3467 phalanx
861 3391 1001 3467 praeclara
1011 3397 1185 3466 exspectans
1195 3412 1326 3452 munera.

123 3469 257 3545 Repente
274 3491 331 3527 vox
344 3471 446 3527 divina
460 3469 641 3528 Paraclitum
654 3472 776 3529 nuntiat
790 3473 929 3529 decorans
944 3478 1114 3528 sanctorum
1127 3473 1249 3534 viscera.

123 3550 239 3606 Fantur
252 3551 334 3608 omni
347 3551 449 3628 lingua
463 3552 607 3609 nonnulla
620 3553 760 3628 mysteria
774 3553 890 3628 Deique
904 3552 1059 3628 magnalia.

125 3629 247 3687 Cantica
261 3632 363 3688 divina
375 3652 437 3689 non
450 3639 542 3690 cessat
556 3633 676 3691 reboare
690 3635 753 3709 ejus
767 3653 884 3709 quoque
898 3640 1022 3690 caterva.

121 3710 150 3767 Ο
166 3710 247 3768 Deus
261 3713 355 3769 omnis
365 3714 437 3784 arvi,
449 3720 480 3770 te
494 3714 616 3771 laudant
627 3715 670 3771 661
684 3726 715 3772 et
729 3715 814 3786 luna,
831 3720 986 3790 concrepat
998 3715 1063 3787 usia
1073 3721 1181 3772 cuncta
1191 3717 1290 3775 caelica
1299 3722 1330 3775 61

205 3793 351 3868 profunda
363 3793 493 3850 fiumina

121 3872 165 3930 Te
179 3873 285 3949 psallat
298 3874 387 3931 tellus
397 3874 487 3932 alma:
501 3875 596 3933 sidera
606 3881 712 3934 61111616
722 3874 814 3949 616165
827 3877 840 3953 j
844 3875 947 3948 ubilat,
957 3876 1070 3948 adorat,
1080 3882 1163 3934 amat
1176 3878 1329 3956 redempta

205 3955 300 4011 omnis
314 3974 430 4031 quoque
443 3956 549 4014 anima.

122 4035 253 4111 Stupens
275 4036 381 4093 Judaea
405 4037 466 4094 haeo
491 4038 598 4114 inquit,
621 4038 833 4103 Exseeranda†
853 4037 953 4095 concio
976 4037 1047 4093 vino
1069 4037 1127 4094 ista
1151 4045 1196 4096 est
1217 4040 1330 4118 repleta

204 4118 354 4193 mustique
368 4119 495 4194 crapula,
511 4119 619 4176 baccho
633 4120 735 4195 plenos
748 4125 867 4196 reputat
881 4119 1008 4194 repletos
1021 4119 1124 4195 gratia.

121 4197 249 4254 Sumens
269 4199 330 4256 haec
351 4198 459 4256 Petrus
473 4199 574 4256 divina
590 4201 730 4276 mysteria
743 4205 862 4277 superat
883 4200 1027 4257 obdurata
1044 4200 1132 4256 corda
1145 4200 1206 4275 illa,
1224 4208 1255 4261 et
1267 4202 1328 4260 fore

205 4279 331 4338 affirmat
347 4281 486 4338 vaticinia
499 4280 520 4337 J
522 4281 593 4338 oelis
607 4282 711 4338 dehoc
725 4280 871 4357 praedicta.

516 4437 530 4461 “
545 4435 605 4482 Edd
617 4436 665 4482 and
675 4435 933 4492 MCC-congregata.

330 4515 343 4575 †
354 4515 552 4574 Edd-Stupens
562 4515 577 4560 J
579 4514 646 4560 1111166
652 4515 707 4575 ‘hoec
717 4513 795 4571 inquit
805 4512 957 4572 exsecrando,
971 4511 1068 4571 Concio,
1079 4513 1119 4560 do.
