2918 4986
418 347 636 416 Hebdomada
650 348 690 414 r'a'.
709 348 987 437 Quodrapesa'ma.
1265 358 1303 420 61

167 518 299 575 Tractus.

164 599 255 656 Dixit
275 596 422 655 Dominus
445 596 563 656 mulieri
584 596 757 670 Chananeee,
781 599 851 656 Non
872 604 916 657 est
936 599 1047 657 bonum
1067 619 1182 659 sumere
1201 620 1307 679 panem

102 679 249 737 filiorum:
272 684 302 737 et
315 678 434 736 mittere
448 679 568 736 canibus
582 679 879 737 admanducandum.
1309 729 1311 734 .

109 761 139 820 V.
166 761 212 818 At
232 760 285 817 illa
304 759 391 832 dixit,
406 760 516 831 Etiam,
536 760 674 831 Domine,
695 779 765 816 nam
787 765 817 818 et
841 760 940 818 catelli
959 760 1052 818 edunt
1076 761 1112 820 de
1134 761 1217 821 miois
1241 783 1306 840 quse

103 841 214 899 cadunt
229 841 265 898 de
278 860 379 898 mensa
392 840 579 897 dominorum
592 860 721 898 suorum.

109 922 139 983 V.
167 922 223 980 Ait
237 921 283 978 illi
295 921 392 993 «lesus,
409 921 434 978 Ο
449 920 564 993 mulier,
578 941 685 996 magne
698 926 742 979 est
755 921 826 979 fides
839 927 909 981 tua:
927 922 984 981 fiat
996 922 1055 981 tibi
1068 922 1144 982 siout
1157 924 1267 1002 petisti.

164 1002 331 1061 Secundam
344 1001 519 1058 Mottbaeam
539 1001 600 1078 (ooo.
619 1002 733 1080 21-28).

164 1084 204 1140 In
224 1083 275 1140 illo
295 1089 435 1160 tempore,
458 1083 599 1159 Egressus
619 1083 641 1140 J
642 1102 707 1139 esus
728 1082 764 1140 de
785 1082 997 1156 Gennesareth,
1019 1085 1136 1143 secessit
1156 1086 1189 1143 in
1208 1091 1306 1163 partes

15 1196 19 1203 ·
103 1163 176 1242 Tyri
190 1171 220 1222 et
234 1163 359 1221 Sidonis.
402 1164 444 1220 Et
464 1182 528 1221 ecoe
548 1163 655 1220 mulier
669 1163 835 1222 Chananaea
855 1184 945 1239 aeque
959 1166 999 1222 ad
1015 1165 1057 1223 Et
1070 1171 1174 1225 saneta
1187 1172 1232 1225 est
1245 1168 1307 1226 filia

103 1246 168 1322 ejus
181 1265 220 1303 ex
232 1244 285 1301 illa
298 1244 377 1302 hora.

168 1325 359 1400 Offertordam.

164 1406 334 1464 Meditabar
346 1406 379 1462 in
393 1404 539 1462 mendatis
553 1405 622 1478 tuis,
637 1425 702 1482 quae
716 1405 808 1464 dilexi
821 1405 925 1465 valde:
947 1412 978 1464 et
991 1407 1094 1465 levabo
1108 1428 1213 1467 manus
1226 1429 1306 1468 meas

103 1487 141 1546 ad
155 1487 296 1545 mandato.
308 1492 370 1558 tua,
384 1506 449 1563 quae
464 1486 563 1545 dilexi.

164 1568 285 1627 Secreta.

164 1648 319 1707 Sacrificiis
339 1648 540 1724 praesentibus
555 1648 691 1719 Domine,
711 1667 886 1723 quaesumus,
908 1648 1028 1707 intende
1049 1649 1198 1726 placatus:
1220 1657 1255 1708 ut
1275 1658 1305 1708 et

103 1729 255 1788 devotioni
268 1734 375 1786 nostrae
389 1730 545 1806 proficiant
559 1734 589 1786 et
603 1729 700 1786 saluti.
744 1728 802 1786 Per
815 1728 985 1789 Dominum.

165 1809 347 1870 Communia.

162 1891 303 1967 Intellige
324 1890 479 1948 clamorem
498 1910 614 1948 meum:
635 1889 757 1947 intende
770 1889 835 1948 vooi
855 1889 997 1948 orationis
1017 1911 1096 1964 meae,
1113 1911 1167 1950 rex
1180 1912 1262 1951 meus
1276 1900 1306 1951 et

104 1973 186 2030 Deus
200 1992 302 2031 meus:
323 1971 462 2048 quoniam
476 1972 514 2029 ad
527 1976 557 2028 te
570 1971 668 2042 orabo,
683 1971 818 2029 Domino.

163 2053 405 2112 Portoornmaaio.

163 2134 315 2210 Supplices
335 2139 366 2190 te
387 2153 532 2210 rogamus,
555 2132 740 2208 omnipotens
764 2133 854 2204 Deus,
869 2139 905 2190 ut
925 2153 999 2208 quos
1017 2133 1078 2190 tuis
1098 2135 1194 2193 reficis
1214 2155 1305 2193 saera-

101 2214 220 2287 mentis,
239 2215 296 2272 tibi
316 2215 406 2272 etiam
426 2213 542 2291 placitis
562 2214 693 2271 moribus
714 2213 872 2290 dignanter
892 2213 1038 2272 deservire
1058 2217 1204 2276 concedas
1249 2217 1308 2274 Per

103 2295 275 2354 Dominum.

565 2441 667 2498 Fram
688 2439 840 2498 Sacram.

166 2538 306 2614 Officium.

164 2620 289 2678 Redime
303 2639 358 2691 me,
374 2619 511 2690 Domine,
527 2623 557 2676 et
576 2619 714 2676 miserere
733 2618 809 2677 mei:
831 2639 882 2696 pes
902 2620 981 2677 enim
1002 2640 1085 2678 meus
1105 2622 1190 2680 stetit
1210 2623 1244 2681 in
1258 2626 1306 2681 ria

101 2707 193 2772 reeta,
208 2702 240 2758 in
254 2700 381 2758 ecelesiis
394 2699 566 2758 benedicam
580 2700 752 2758 Dominum.

137 2802 140 2811 ·
165 2783 312 2840 Psalmas.

165 2863 187 2920 J
187 2863 274 2920 adice
287 2882 342 2934 me,
358 2862 495 2934 Domine,
510 2861 650 2939 quoniam
664 2880 717 2937 ego
737 2861 770 2918 in
791 2861 961 2920 innocentia
978 2881 1044 2919 mea
1061 2862 1208 2940 ingressus
1222 2884 1304 2922 sum:

102 2951 136 3002 et
149 2944 182 3002 in
196 2943 326 3038 Domino
339 2962 468 3020 sperone,
481 2962 542 3000 non
556 2942 735 2999 infirmabor.

166 3023 287 3177 grigida,
299 3123 474 3180 quaesumus
487 3105 671 3180 omnipotens
685 3103 776 3173 Deus,
787 3107 822 3159 ut
836 3101 949 3160 familia
961 3108 1014 3160 tua
1028 3123 1093 3180 quoe
1107 3123 1138 3162 se
1151 3105 1305 3183 affligendo

104 3205 222 3279 earnem
235 3186 274 3244 ab
293 3185 443 3243 alimentis
463 3185 600 3275 abstinet,
615 3183 754 3242 sectando
771 3182 922 3260 justitiam
941 3204 959 3240 a
979 3182 1065 3261 eulpa
1082 3185 1206 3262 jejunet.
1249 3187 1308 3245 Per

105 3268 640 3422 D⁰b¹52i¹do...·a..1>.aaao.
660 3344 773 3423 15-19).

168 3428 206 3485 ln
229 3428 333 3486 diebus
353 3427 421 3499 illis,
438 3427 544 3486 Oravit
564 3426 672 3485 Daniel
693 3426 730 3484 ad
751 3426 922 3498 Dominum,
938 3425 1056 3486 dicens:
1078 3428 1205 3486 Domine
1226 3431 1307 3489 Deus

104 3514 206 3567 noster
218 3529 308 3584 aaqao
322 3510 362 3566 ad
382 3528 469 3585 super
482 3509 634 3566 civitatem
654 3513 685 3566 et
706 3526 793 3584 super
812 3507 955 3584 populum
970 3513 1067 3580 tuum,
1083 3509 1212 3568 Domino
1226 3512 1307 3570 Deus

105 3597 302 3729 ΝΜ

166 3751 300 3828 Adjutor
312 3771 395 3809 meus
409 3756 439 3808 et
451 3751 592 3809 liberator
605 3769 687 3808 meus
701 3755 772 3821 esto,
788 3749 934 3808 Domine:
954 3769 993 3807 ne
1006 3751 1176 3811 tardaveris.

113 3831 143 3890 V.
169 3832 396 3890 confundantur
422 3837 453 3890 et
480 3839 671 3890 revereantur
694 3831 807 3897 inimici
828 3830 904 3888 mei:
934 3831 987 3907 qui
1013 3840 1152 3908 quaerunt
1178 3834 1306 3892 animam

107 3930 334 4052 madianaea
347 3993 512 4052 Jaaaa
525 3993 603 4070 (aaa.
620 3992 708 4050 21-29
710 3991 734 4070 ).

166 4074 206 4132 In
227 4075 279 4132 illo
299 4080 439 4151 tempore,
455 4075 544 4131 Dixit
563 4075 651 4132 Jesus
672 4073 767 4130 turbis
787 4073 809 4130 J
811 4073 962 4130 udaeorum
972 4093 980 4145 3
1000 4073 1065 4150 Ego
1079 4075 1164 4148 vado,
1179 4081 1210 4133 et
1230 4095 1306 4152 quae-

105 4155 178 4214 retis
191 4175 239 4214 me
252 4175 343 4231 usqae
356 4157 397 4213 ad
410 4155 480 4232 quia
493 4175 546 4232 ego
560 4175 625 4232 quae
639 4154 747 4232 placita
761 4159 832 4211 sunt
845 4154 880 4224 oi,
894 4154 970 4212 facio
983 4174 1104 4232 semper.

169 4236 361 4311 Offertorram.

166 4317 344 4377 Benedioem
371 4318 534 4375 Dominum
562 4316 615 4393 qui
640 4315 716 4372 mihi
745 4315 851 4373 tribuit
877 4315 1082 4375 intellectum:
1116 4316 1306 4392 providebam

107 4397 205 4456 Deum
224 4400 258 4457 in
276 4405 434 4476 conspectu
453 4418 520 4456 meo
539 4417 660 4474 semper,
676 4397 815 4474 quoniam
835 4416 853 4455 a
874 4397 987 4455 dextris
1010 4403 1054 4456 est
1075 4397 1157 4470 mihi,
1172 4417 1211 4456 ne
1232 4418 1306 4456 com-

108 4498 232 4540 movear.
