2918 4986
207 307 247 369 96
611 301 755 366 Feriar.
770 301 814 365 ia
828 300 883 366 die
899 301 999 366 Certa.

265 469 347 527 Deus
360 469 534 541 misericors,
549 468 632 526 Deus
645 467 781 541 clemens,
796 468 848 545 qui
864 467 1025 526 secundum
1045 467 1270 526 multitudinem
1292 469 1414 528 misera-

203 551 321 609 tionum
338 556 459 608 tuarum
476 555 596 627 peccate
613 549 851 625 delinquentium
868 550 956 620 deles,
970 554 1001 606 et
1018 550 1237 626 praeteritorum
1252 549 1415 608 criminum

204 631 304 707 culpas
326 631 413 689 venia
433 630 614 688 remissionis
638 649 760 688 evacuas
770 650 779 703 ;
809 631 919 707 respice
942 650 1031 706 super
1056 629 1110 688 hos
1131 630 1258 688 famulos
1283 636 1361 704 tuos,
1383 638 1415 694 et

203 712 406 770 remissionem
427 711 485 768 sibi
508 711 641 769 omnium
665 716 851 787 peccatorum
874 731 995 768 suorum
1023 717 1088 769 tota
1112 711 1206 769 cordis
1230 713 1414 770 confessione

204 799 355 870 poscentes
375 792 547 868 deprecatus
567 791 682 849 exaudi.
726 792 851 849 Renova
871 794 904 848 in
929 793 978 864 eis,
1000 792 1130 868 piissime
1148 792 1249 864 Pater,
1270 793 1414 870 quicquid

204 883 322 931 terrena
335 873 497 950 fragilitate
511 879 693 948 corruptum,
704 873 752 930 vel
766 873 907 950 quicquid
921 873 1067 930 diabolica
1078 873 1181 932 fraude
1196 873 1344 932 violatum
1354 881 1410 946 est,

204 961 235 1013 et
266 955 299 1011 in
326 955 443 1012 unitate
471 955 600 1030 corporis
627 952 764 1011 Ecclesiae
793 960 852 1010 tuae
882 954 1048 1012 membrum
1078 954 1208 1031 perfecta
1239 956 1414 1013 remissione

204 1036 335 1094 restitue.
378 1035 528 1107 Miserere,
555 1034 691 1104 Domine,
713 1033 887 1111 gemituum,
911 1035 1049 1093 miserere
1073 1034 1272 1108 lacrimarum,
1295 1041 1328 1094 ct
1351 1056 1415 1094 non

203 1117 345 1174 babentes
365 1116 502 1173 fiduciam
522 1115 581 1172 nisi
601 1115 707 1173 intua
726 1115 927 1173 misericordia
946 1116 984 1173 ad
1004 1122 1220 1173 sacramentum
1240 1116 1414 1175 reconcilia·

204 1197 295 1255 tionis
309 1197 441 1255 admitte.
485 1196 544 1254 Per
559 1195 711 1254 Christum
726 1195 890 1253 Dominum
903 1203 1047 1255 nostrum.
1090 1199 1198 1255 Amen.

266 1278 376 1336 Oratio.

263 1359 453 1435 Majestatem
467 1365 560 1431 tuam,
576 1358 713 1430 Domine,
729 1357 875 1434 supplices
888 1359 1087 1434 deprecamur,
1102 1359 1199 1417 uthis
1216 1359 1338 1416 famulis
1351 1361 1413 1417 tuis

203 1440 289 1517 longo
317 1441 451 1517 squalore
472 1439 654 1517 paenitentiae
676 1440 831 1497 maceratis
857 1440 1055 1496 miserationis
1077 1446 1138 1497 tuae
1165 1441 1286 1497 veniam
1309 1441 1414 1518 largiri

204 1521 341 1599 digneris,
352 1527 388 1578 ut
398 1521 527 1597 nuptiali
537 1526 619 1578 veste
629 1528 748 1596 recepta
757 1520 795 1578 ad
805 1521 933 1597 regalem
943 1540 1083 1594 mensam,
1093 1520 1173 1579 unde
1184 1521 1273 1597 ejecti
1281 1521 1411 1592 fuerant,

204 1608 374 1661 mercantur
387 1603 518 1660 introire.
563 1601 621 1659 Per
634 1601 807 1658 Dominum.

263 1683 420 1742 Absolutio.

264 1764 411 1845 Dominus
424 1765 446 1822 J
448 1783 513 1821 esus
529 1763 672 1835 Christus,
688 1764 740 1840 qui
761 1763 912 1838 discipulis
932 1765 993 1820 suis
1014 1764 1109 1821 dixit:
1135 1764 1329 1840 Quacunque
1342 1764 1413 1842 liga-

204 1845 307 1903 veritis
325 1865 413 1921 super
431 1851 549 1912 terram,
569 1850 658 1901 erunt
675 1844 768 1920 ligata
785 1851 815 1901 et
833 1845 866 1901 in
887 1844 983 1917 caelis,
1003 1851 1034 1902 et
1054 1864 1238 1922 quaeeunque
1262 1846 1411 1904 solveritis

204 1932 424 2002 superterram,
441 1933 529 1982 erunt
550 1924 647 1982 soluta
666 1933 697 1981 et
716 1925 749 1981 in
770 1926 862 1982 caelis:
886 1926 922 1982 de
936 1945 1061 2002 quorum
1075 1945 1199 1983 numero
1214 1927 1353 2002 quamvis
1366 1946 1413 1985 me

202 2006 367 2083 indignum,
380 2015 411 2062 et
427 2011 618 2081 peccatorem,
630 2005 800 2062 ministrum
813 2013 914 2064 tamen
928 2026 989 2064 esse
1002 2007 1117 2079 voluit;
1137 2007 1200 2082 ipse
1211 2027 1265 2064 vos
1278 2007 1414 2079 absolvat

203 2106 256 2163 por
270 2087 468 2144 ministerium
482 2092 616 2143 nostrum
630 2087 668 2142 ab
682 2087 818 2144 omnibus
831 2088 958 2163 peccatis
971 2088 1086 2160 vestris,
1102 2106 1289 2165 quaecunque
1305 2088 1413 2166 cogita·

203 2167 293 2234 tione,
309 2174 362 2224 aut
379 2166 535 2239 locutione,
551 2171 604 2223 aut
624 2167 793 2243 operatione
814 2169 922 2244 egistis,
937 2174 1027 2245 atque
1045 2189 1063 2226 a
1077 2169 1204 2226 vinculis
1224 2176 1413 2246 peccatoium

202 2254 367 2305 vastrorum
388 2247 538 2304 absolutos
558 2247 716 2322 perducere
739 2248 878 2325 dignetur
899 2249 937 2306 ad
957 2269 1047 2325 regna
1067 2251 1213 2307 caelorum.
1261 2251 1324 2321 Qui
1346 2269 1413 2308 cum

204 2327 295 2385 Patre
310 2335 340 2386 et
354 2329 469 2405 Spiritu
484 2328 592 2386 Sancto
606 2328 683 2385 vivit
697 2335 728 2386 et
741 2336 846 2406 regnat
860 2329 950 2388 Deus.
988 2330 1047 2388 Per
1060 2331 1160 2388 omnia
1173 2331 1283 2390 saecula
1296 2332 1414 2391 saecnlo

204 2428 279 2466 rum.
323 2409 431 2466 Amen.

267 2490 376 2547 Oratio

263 2569 442 2629 Misereatur
461 2570 554 2628 vestri
574 2571 761 2647 omnipotens
775 2572 866 2645 Deus,
882 2579 912 2631 et
926 2573 1060 2631 dimittat
1073 2574 1158 2632 vobis
1171 2575 1274 2633 omnia
1293 2580 1412 2652 peccata

202 2657 308 2723 vostra,
324 2659 355 2710 et
369 2652 510 2728 perducat
523 2671 576 2710 vos
590 2652 628 2710 ad
641 2653 735 2711 vitam
749 2661 899 2711 aeternam.

266 2734 422 2793 Absolutis.

262 2815 490 2873 Absolutionem
512 2820 542 2872 et
562 2813 764 2872 remissionem
785 2816 918 2873 omnium
937 2822 1124 2894 peccatorum
1136 2823 1307 2877 vestrorum
1324 2817 1413 2896 perci-

204 2915 272 2973 pere
285 2897 459 2956 mereamini
472 2895 520 2953 hic
534 2902 565 2954 et
578 2896 611 2953 in
623 2902 774 2954 aeternum.

265 3314 336 3370 Post
349 3313 409 3370 brac
423 3310 547 3392 [cunctis
560 3313 712 3390 carmania
725 3312 1001 3371 sonantibus—MS.
1018 3312 1068 3394 E]
1086 3313 1252 3390 incipiatur
1262 3317 1371 3384 ‚Missa

267 3393 406 3466 Officiarre.
1085 3394 1091 3403 ⁸

264 3473 328 3530 Nos
349 3480 449 3531 autem
469 3473 591 3550 gloriari
610 3481 727 3551 oportet
747 3475 780 3531 in
800 3495 885 3534 cruce
906 3474 1030 3532 Domini
1049 3475 1145 3533 nostri
1158 3476 1236 3535 Jesu
1250 3477 1372 3552 Christi,
1387 3487 1411 3538 ct

205 3560 304 3623 cetera,
320 3563 354 3610 at
367 3575 459 3629 supra
472 3555 506 3611 irc
520 3555 609 3612 Faria
624 3557 715 3615 tertia.

264 3633 428 3692 *Praetutia
437 3655 501 3693 raro
515 3636 549 3692 ira
562 3637 728 3695 revestiario
732 3636 838 3711 festiae
846 3647 983 3713 paratas,
995 3657 1062 3695 cara
1072 3638 1225 3696 duodecim
1234 3639 1412 3717 Presbyterie

205 3715 351 3786 scrutatis,
373 3725 399 3774 et
419 3725 523 3791 septem
536 3715 716 3775 Diacoaibas
730 3727 755 3775 et
769 3720 886 3776 totidem
898 3718 1131 3776 Sabdiacoaibas
1151 3740 1219 3777 cam
1235 3721 1412 3780 Datrraticb

205 3804 231 3852 ct
243 3795 365 3853 Trrrcicis
372 3796 478 3870 festive
488 3797 609 3870 indutis,
619 3807 645 3856 et
656 3799 829 3873 Tbarrferis,
842 3808 868 3857 et
880 3798 1078 3873 Ceroferariis,
1089 3801 1130 3856 ad
1139 3800 1245 3859 ditare
1252 3804 1410 3861 recaredum

204 3877 283 3951 qaod
293 3877 463 3935 ordinatam
474 3879 537 3948 erit,
545 3879 656 3955 incepto
667 3879 770 3937 Gloria
780 3880 872 3951 Patri,
887 3881 1013 3938 introcat
1019 3900 1028 3953 ;
1051 3889 1077 3938 et
1090 3881 1167 3938 dicto
1178 3881 1277 3958 Kyrie
1287 3885 1409 3960 eleyson,

203 3957 350 4014 Proetatus
363 3958 487 4034 incipiat
501 3959 604 4017 Gloria
616 3960 649 4016 in
663 3960 791 4018 excelsis.
837 3960 922 4030 Quod
942 3963 1014 4018 dara
1035 3962 1160 4033 sarritur,
1183 3963 1340 4022 classim
1347 3964 1411 4041 pal»

202 4048 288 4096 setar.
332 4039 479 4096 Pratitas
492 4041 590 4099 dicat:
612 4041 677 4098 Pax
690 4041 782 4098 vobis.
826 4041 867 4098 Et
881 4061 949 4098 cum
963 4043 1070 4118 spiritu
1084 4048 1143 4100 tuo.

264 4117 317 4199 [Ira
330 4120 451 4177 ecclesiia
464 4122 657 4194 exterioritas,
674 4122 739 4179 MS.
757 4122 808 4202 D]
829 4123 968 4180 Sacerdos
980 4124 1069 4194 dicat,
1084 4123 1234 4182 Dominus
1248 4128 1405 4186 vobiscum

202 4200 260 4258 Sed
275 4221 336 4258 aaa
355 4201 473 4258 dicatur
493 4202 660 4260 Flectamus
673 4223 777 4279 genua,
796 4223 846 4260 aec
860 4204 961 4261 Gloria
974 4205 1007 4260 in
1021 4205 1151 4278 excelsis,
1165 4226 1217 4263 aec
1234 4206 1341 4282 Credo,
1363 4225 1410 4264 aec

201 4283 309 4358 Agnus
326 4282 393 4354 Dei,
408 4303 460 4340 racc
480 4283 537 4355 Ite,
554 4284 642 4339 missa
655 4291 707 4356 cst,
723 4285 783 4341 oiri
800 4285 834 4342 iri
852 4286 969 4343 auctrici
986 4286 1122 4358 Ecclesia,
1138 4287 1190 4344 ati
1202 4290 1408 4363 paeraiterrtirar

189 4360 235 4441 fit
251 4365 445 4422 reconciliatio
460 4373 484 4420 et
500 4363 676 4422 Obrisraatis
690 4367 868 4423 consecratio.

261 4464 274 4489 ⁸
293 4465 364 4513 MSS.
377 4468 404 4512 B.
415 4468 463 4513 and
474 4467 500 4515 (t.
513 4467 572 4513 omit
583 4467 631 4514 this
642 4467 730 4527 rubrio,
740 4469 788 4515 and
803 4483 835 4527 go
852 4484 881 4515 on
899 4485 926 4517 as
942 4470 982 4518 the
1000 4472 1081 4519 rubrio
1097 4471 1263 4534 immediately
1272 4475 1406 4531 following:

202 4520 311 4571 temtos
326 4527 395 4586 dicat,
410 4527 451 4574 &a
