2918 4986
408 385 594 457 Dominica
607 384 651 452 in
664 383 788 452 Ramis
801 384 1014 453 Palmarnm.
1265 384 1308 453 st

108 553 224 632 napos
234 552 353 626 Christi,
365 554 443 628 qaod
458 562 530 611 tenet
542 553 694 630 Presbyter
732 552 883 611 Sacerdote
896 551 993 610 vestito
1010 559 1036 609 et
1052 558 1154 626 capato
1174 549 1209 608 in
1227 547 1312 631 Capu

106 636 141 694 in
167 635 296 694 annno.
350 635 392 691 Et
419 634 553 692 similiter
580 633 693 694 Chorns
732 642 930 710 arpenteaper
940 631 1106 691 orientalem
1114 640 1232 707 partem
1240 631 1313 706 aas·

107 717 206 776 adoret
216 716 376 775 terdicsns:
391 715 508 793 Dignus
517 735 556 788 es,
566 715 694 772 Domine
735 715 800 773 dem
814 714 910 785 cama,
924 733 990 772 erem
1003 711 1097 788 pallio
1112 713 1232 788 desnper
1244 731 1313 788 por·

107 798 189 855 Deus
215 802 324 868 noster,
352 796 483 873 accipere
509 796 634 875 gloriam
661 802 692 854 et
733 805 793 853 tato
814 815 834 853 a
854 793 968 852 dnobns
986 793 1129 852 Diaconis
1152 802 1178 850 et
1201 793 1314 850 dnobus

106 878 266 950 bonorem3
287 886 313 936 et
326 886 425 936 cetera.
733 875 888 951 Acolpthis,
899 874 1127 951 precedentibus
1140 873 1252 932 dnobus
1263 871 1313 932 Oe·

733 956 894 1033 amramis,
909 956 1020 1014 dnobus
1032 953 1198 1029 Elenriferis
1207 964 1233 1012 et
1244 955 1314 1013 dna

734 1037 788 1096 has
831 1035 848 1066 ⁴*
896 1046 922 1094 et
945 1036 1058 1095 dachas
1081 1035 1223 1094 Diaconis
1247 1055 1314 1094 cara

732 1117 836 1177 torchis
865 1137 956 1193 nsque
986 1118 1027 1174 ad
1060 1116 1213 1174 stationem
1237 1136 1314 1192 pra-

734 1199 843 1257 dictum
876 1196 1033 1273 deferatur.
1097 1198 1201 1255 Postea
1235 1197 1315 1255 dicat

734 1280 879 1338 Enecator
903 1278 1002 1354 Officii,
1030 1298 1107 1354 pena
1128 1277 1208 1354 Jheao
1233 1277 1314 1336 trina

735 1360 802 1431 rice,
827 1360 915 1417 istam
940 1367 1030 1417 totam
1053 1358 1262 1433 Antiphonem,
1288 1366 1315 1416 et
1371 1432 1374 1438 4

736 1441 881 1499 cantando
899 1447 1041 1514 resnrpat,
1058 1439 1176 1514 Dignus
1194 1458 1233 1510 es,
1252 1438 1313 1496 Do·

736 1521 817 1580 mine
837 1520 928 1579 Deus.
970 1521 1076 1578 Postea
1098 1519 1212 1578 Choras
1236 1519 1315 1576 simi

736 1602 801 1661 liter
812 1601 919 1677 faciat.
962 1600 1027 1659 Hoc
1048 1609 1089 1658 ter
1102 1603 1163 1676 fiat
1180 1620 1200 1657 a
1216 1598 1314 1659 Sacer-

736 1684 800 1741 dote
813 1691 840 1740 et
853 1703 873 1739 a
888 1678 1006 1759 Chora]

170 1784 254 1843 Pane
267 1787 364 1843 redeat
377 1784 516 1844 Sacerdos
530 1807 596 1861 cnm
610 1785 736 1862 Corpore
750 1786 874 1845 Domini
887 1795 913 1844 et
929 1785 1067 1844 Ministri
1080 1783 1142 1860 aas
1158 1783 1192 1843 in
1205 1783 1315 1844 Eccles-

108 1865 240 1943 iamper
260 1869 380 1925 eandam
393 1867 472 1924 riam
487 1887 543 1943 per
556 1888 645 1943 quarn
658 1877 804 1927 venrant.
847 1866 973 1926 Interim
986 1870 1046 1942 fiat
1059 1886 1158 1924 sermo.
1201 1864 1314 1925 Deinde

101 1947 190 2021 finito
210 1967 346 2020 sermone,
361 1957 387 2005 et
409 1947 535 2006 Oantore
555 1948 710 2024 incipiente
732 1947 941 2024 Antiphonem,
965 1947 1041 2006 Oum
1064 1945 1314 2024 appropinquaret

108 2027 255 2086 Dominus
280 2028 518 2105 Hierosolymam
541 2030 625 2089 misit
648 2030 721 2087 duos
745 2050 784 2088 ex
807 2029 959 2107 discipulis
989 2028 1049 2087 suis
1073 2028 1179 2102 dicens,
1205 2028 1254 2087 Ite
1280 2027 1313 2086 in

108 2108 271 2180 castellum,

167 2189 242 2247 Edd.
269 2198 296 2247 et
320 2189 385 2248 MS.
409 2189 692 2266 B.—proprediatar
793 2187 871 2272 [MS.
888 2190 1063 2259 D.-Eoceat
1076 2189 1219 2267 processio
1234 2188 1311 2248 circa

103 2271 244 2346 processio
271 2270 348 2330 eirca
368 2271 526 2329 Ecclesiam
547 2272 694 2330 canmndo
734 2270 893 2330 Ecclesiam
917 2292 972 2347 per
1001 2280 1117 2347 partem
1145 2269 1313 2329 orientalem

107 2349 316 2426 Antiphonem.
731 2372 822 2429 asqne
835 2354 876 2410 ad
889 2353 995 2412 ostiam
1009 2349 1202 2432 occidentale]

168 2431 245 2490 (lum
259 2433 509 2509 appropinquaret
522 2432 670 2490 Dominus
690 2432 937 2510 Hierosolymam,
953 2433 1035 2490 misit
1048 2433 1121 2490 duos
1135 2452 1173 2490 ex
1187 2431 1312 2508 discipu·

107 2511 144 2570 lis
153 2511 222 2584 suis,
234 2512 350 2571 dicens:
365 2513 413 2571 Ite
426 2514 460 2570 in
474 2514 625 2572 castellum
636 2514 715 2590 quod
728 2521 831 2572 eontra
841 2535 893 2572 vos
907 2521 952 2572 est
958 2535 966 2586 ;
988 2521 1018 2571 et
1029 2513 1186 2571 invenietis
1194 2513 1311 2590 pullum

106 2592 196 2651 asinae
216 2593 370 2670 alligatum
389 2594 477 2671 supe'r
490 2615 578 2671 quem
590 2595 691 2652 nullus
711 2594 865 2652 hominum
886 2595 981 2668 sedit3
1001 2594 1116 2675 solvite,
1132 2599 1163 2652 et
1175 2594 1312 2652 adducite

112 2673 194 2731 mihi.
1300 2680 1303 2684 ’

168 2753 202 2812 Si
211 2754 278 2831 quis
287 2775 339 2813 vos
349 2755 584 2832 interrogaverit,
598 2756 704 2814 dicite:
724 2755 806 2833 Opus
816 2755 940 2813 Domini
954 2761 1013 2814 est:
1028 2755 1174 2829 solventes
1184 2755 1318 2813 adduxe·

109 2841 179 2893 runt
193 2836 230 2893 ad
243 2835 266 2894 J
266 2855 357 2909 esum,
373 2843 404 2894 et
416 2837 621 2913 imposuerrmt
640 2835 686 2893 illi
705 2838 889 2908 vestimenta,
906 2843 936 2895 et
953 2836 1029 2894 sedit
1049 2855 1237 2911 supereum:
1258 2835 1312 2892 alii

108 2917 334 2991 prosternebant
352 2918 529 2975 vestimenta
548 2937 602 2976 sua
621 2917 654 2973 in
669 2917 726 2990 via,
744 2917 798 2975 alii
813 2936 909 2974 ramos
930 2917 966 2975 de
986 2916 1140 2974 arboribus
1160 2921 1310 2973 exsterne-

107 2995 194 3069 bant3
213 3005 243 3054 et
253 2998 306 3074 qui
319 2998 519 3074 sequebantur
532 2997 716 3055 clamabant:
738 2998 900 3069 Hosanna;
920 2996 1098 3054 Benedictus
1112 2996 1166 3072 qui
1179 2996 1309 3054 venitin

108 3077 225 3150 nomine
238 3078 381 3151 Domini3
402 3078 596 3136 Benedictum
609 3097 733 3154 regnum
751 3079 844 3155 patris
864 3078 963 3135 David
983 3076 1079 3135 nostri
1087 3097 1096 3150 5
1117 3077 1262 3135 Hosanna
1275 3077 1308 3134 in

109 3157 237 3216 excelsis.
280 3159 423 3217 Miserere
436 3160 528 3231 nobis,
545 3159 606 3217 Fili
619 3158 725 3217 David

166 3237 343 3297 Percontata
356 3260 420 3298 nero
434 3240 613 3316 Antiphone,
628 3240 781 3299 addantur
797 3239 990 3316 Responsoria
1008 3235 1163 3320 [erigentia
1182 3237 1306 3312 itineris,

109 3316 174 3377 MS.
190 3317 243 3400 D.]
258 3319 405 3379 Dominus
418 3320 440 3378 J
441 3341 515 3382 esus.

166 3399 467 3478 B.-Oogitaverunt.

167 3479 324 3539 Ii.—Oum
337 3482 473 3540 audisset.

166 3561 208 3619 Et
216 3562 277 3620 alia
285 3561 485 3639 Responsoria,
496 3563 711 3639 siopnsfaerit.
736 3561 788 3644 [Et
796 3564 837 3623 ibi
842 3567 896 3639 fiet
904 3563 1030 3622 semrnda
1040 3562 1241 3622 statio—MS.
1253 3561 1306 3645 D]

169 3640 247 3701 Cam
260 3651 357 3701 annm
370 3645 411 3701 ad
421 3645 621 3719 portasnrbis,
633 3645 793 3704 celestium
804 3644 974 3704 occidentale
985 3643 1126 3718 Ecclesia,
1139 3653 1308 3722 perventum

99 3718 205 3795 snam,
216 3722 259 3780 ihi
271 3724 409 3783 ordinata
418 3726 605 3801 processione,
620 3726 744 3802 incipiat
756 3725 867 3784 Cantor
881 3726 1112 3802 Responsorinm.

169 3801 357 3881 Collegerunt
384 3805 543 3863 Pontifices
570 3813 601 3864 et
627 3806 769 3864 Pharisaei
792 3807 1014 3879 consiliumet
1038 3807 1196 3865 dicebant:
1228 3805 1308 3876 Quid

107 3880 252 3950 iaciemus,
268 3885 338 3961 quia
349 3886 398 3942 hic
412 3886 499 3944 homo
513 3886 608 3944 multa
621 3888 705 3964 signa
718 3887 807 3959 facit3
830 3888 855 3944 si
869 3886 1048 3944 dimittimus
1062 3908 1129 3945 eum
1143 3889 1192 3960 sie,
1208 3907 1309 3945 omnes

106 3963 227 4022 credent
244 3965 277 4022 in
290 3986 366 4036 eum,
382 3973 412 4024 et
431 3966 509 4025 forte
527 3968 649 4047 venient
670 3968 808 4040 Romani,
827 3974 858 4025 et
877 3968 984 4026 tollent
1003 3975 1138 4027 nostrum
1159 3968 1256 4027 locum
1277 3976 1308 4025 et

105 4050 233 4120 gentem

167 4125 237 4184 Tres
262 4126 372 4186 Vicarii
406 4136 472 4186 ante
495 4128 602 4202 ostiam
624 4127 758 4188 Ecclesia
777 4129 880 4188 hahita
899 4149 959 4188 non
986 4139 1099 4188 manto
1121 4127 1247 4188 cmoersi
1266 4127 1307 4186 ad

101 4205 352 4282 populana-MS.
369 4209 398 4266 D
427 4209 528 4267 dicant
547 4210 674 4268 Versnm.

165 4287 255 4346 Unus
267 4288 369 4346 autem
379 4309 417 4346 ex
427 4290 506 4364 ipsis,
518 4290 644 4368 Caiphas
658 4290 786 4363 nomine,
799 4310 867 4348 cum
877 4296 953 4350 esset
967 4291 1108 4349 Pontifex
1129 4289 1201 4347 anni
1213 4287 1304 4360 illius,

104 4366 293 4443 prophetavit
307 4369 420 4428 dicens:
435 4369 566 4447 Expedit
578 4373 670 4444 vobis,
683 4377 717 4428 ut
731 4392 808 4430 unus
819 4373 963 4430 moriatur
976 4373 1063 4430 homo
1077 4390 1129 4447 pro
1143 4368 1259 4446 populo,
1275 4375 1307 4426 et

104 4465 165 4505 non
187 4454 253 4508 tota
275 4469 347 4527 gens
370 4456 479 4527 pereat.
521 4452 574 4509 Ab
597 4452 649 4509 illo
673 4472 742 4529 ergo
764 4453 812 4510 die
833 4453 1038 4530 cogitaverunt
1059 4452 1224 4509 interlicere
1237 4470 1305 4509 eum

461 4562 475 4590 '¹
490 4560 514 4606 A
524 4561 591 4608 word
601 4561 622 4608 is
632 4561 688 4608 hare
698 4561 797 4608 omitted
806 4561 832 4607 in
842 4562 883 4608 the
893 4561 947 4609 MS.
