<?xml version="1.0" encoding="UTF-8"?>
<!DOCTYPE html PUBLIC "-//W3C//DTD XHTML 1.0 Transitional//EN"
    "http://www.w3.org/TR/xhtml1/DTD/xhtml1-transitional.dtd">
<html xmlns="http://www.w3.org/1999/xhtml" xml:lang="en" lang="en">
 <head>
  <title>
</title>
<meta http-equiv="Content-Type" content="text/html;charset=utf-8" />
  <meta name='ocr-system' content='tesseract 3.04.00' />
  <meta name='ocr-capabilities' content='ocr_page ocr_carea ocr_par ocr_line ocrx_word'/>
</head>
<body>
  <div class='ocr_page' id='page_1' title='image "./missaleadusumin03churgoog_0211.png"; bbox 0 0 2918 4986; ppageno 0'>
   <div class='ocr_carea' id='block_1_1' title="bbox 510 250 1339 385">
    <p class='ocr_par' dir='ltr' id='par_1_1' title="bbox 510 250 1339 385">
     <span class='ocr_line' id='line_1_1' title="bbox 510 250 1339 385; baseline 0.002 -18"><span class='ocrx_word' id='word_1_1' title='bbox 510 250 652 367; x_wconf 80' lang='lat' dir='ltr'><strong>Sabbata</strong></span> <span class='ocrx_word' id='word_1_2' title='bbox 669 305 747 385; x_wconf 82' lang='lat' dir='ltr'><strong>post</strong></span> <span class='ocrx_word' id='word_1_3' title='bbox 766 297 983 366; x_wconf 73' lang='lat' dir='ltr'><strong>Pentecosten.</strong></span> <span class='ocrx_word' id='word_1_4' title='bbox 1278 307 1339 370; x_wconf 89' lang='grc'><strong>161</strong></span> 
     </span>
    </p>
   </div>
   <div class='ocr_carea' id='block_1_2' title="bbox 121 465 1345 4566">
    <p class='ocr_par' dir='ltr' id='par_1_2' title="bbox 205 465 313 526">
     <span class='ocr_line' id='line_1_2' title="bbox 205 465 313 526; baseline 0 0"><span class='ocrx_word' id='word_1_5' title='bbox 205 465 313 526; x_wconf 78' lang='lat' dir='ltr'><strong><em>Oratio.</em></strong></span> 
     </span>
    </p>

    <p class='ocr_par' dir='ltr' id='par_1_3' title="bbox 122 546 1342 867">
     <span class='ocr_line' id='line_1_3' title="bbox 202 546 1341 628; baseline 0.004 -24"><span class='ocrx_word' id='word_1_6' title='bbox 202 548 292 621; x_wconf 90' lang='lat' dir='ltr'><strong>Deus,</strong></span> <span class='ocrx_word' id='word_1_7' title='bbox 315 548 367 624; x_wconf 91' lang='lat' dir='ltr'><strong>qui</strong></span> <span class='ocrx_word' id='word_1_8' title='bbox 388 546 539 623; x_wconf 76' lang='lat' dir='ltr'><strong>discipulis</strong></span> <span class='ocrx_word' id='word_1_9' title='bbox 559 547 619 606; x_wconf 89' lang='lat' dir='ltr'><strong>tuis</strong></span> <span class='ocrx_word' id='word_1_10' title='bbox 641 546 788 624; x_wconf 88' lang='lat' dir='ltr'><strong>Spiritum</strong></span> <span class='ocrx_word' id='word_1_11' title='bbox 811 546 953 606; x_wconf 90' lang='lat' dir='ltr'><strong>Sanctum</strong></span> <span class='ocrx_word' id='word_1_12' title='bbox 975 546 1156 606; x_wconf 87' lang='lat' dir='ltr'><strong>Paraclitum</strong></span> <span class='ocrx_word' id='word_1_13' title='bbox 1179 549 1211 607; x_wconf 92' lang='lat' dir='ltr'><strong>in</strong></span> <span class='ocrx_word' id='word_1_14' title='bbox 1232 549 1341 628; x_wconf 86' lang='lat' dir='ltr'><strong>linguis</strong></span> 
     </span>
     <span class='ocr_line' id='line_1_4' title="bbox 122 625 1341 706; baseline 0.002 -20"><span class='ocrx_word' id='word_1_15' title='bbox 122 625 233 706; x_wconf 81' lang='lat' dir='ltr'><strong>igneis</strong></span> <span class='ocrx_word' id='word_1_16' title='bbox 247 635 278 687; x_wconf 90' lang='lat' dir='ltr'><strong>et</strong></span> <span class='ocrx_word' id='word_1_17' title='bbox 286 628 401 687; x_wconf 86' lang='lat' dir='ltr'><strong>fervore</strong></span> <span class='ocrx_word' id='word_1_18' title='bbox 411 630 458 686; x_wconf 90' lang='lat' dir='ltr'><strong>tui</strong></span> <span class='ocrx_word' id='word_1_19' title='bbox 471 628 577 686; x_wconf 85' lang='lat' dir='ltr'><strong>amoris</strong></span> <span class='ocrx_word' id='word_1_20' title='bbox 590 627 709 686; x_wconf 88' lang='lat' dir='ltr'><strong>mittere</strong></span> <span class='ocrx_word' id='word_1_21' title='bbox 723 629 861 706; x_wconf 84' lang='lat' dir='ltr'><strong>dignatus</strong></span> <span class='ocrx_word' id='word_1_22' title='bbox 870 648 910 701; x_wconf 89' lang='lat' dir='ltr'><strong>es,</strong></span> <span class='ocrx_word' id='word_1_23' title='bbox 920 628 959 686; x_wconf 89' lang='lat' dir='ltr'><strong>da</strong></span> <span class='ocrx_word' id='word_1_24' title='bbox 968 629 1084 706; x_wconf 83' lang='lat' dir='ltr'><strong>populis</strong></span> <span class='ocrx_word' id='word_1_25' title='bbox 1097 629 1130 686; x_wconf 88' lang='lat' dir='ltr'><strong>in</strong></span> <span class='ocrx_word' id='word_1_26' title='bbox 1143 631 1259 688; x_wconf 89' lang='lat' dir='ltr'><strong>unitate</strong></span> <span class='ocrx_word' id='word_1_27' title='bbox 1272 631 1341 689; x_wconf 88' lang='lat' dir='ltr'><strong>fidei</strong></span> 
     </span>
     <span class='ocr_line' id='line_1_5' title="bbox 123 709 1342 786; baseline 0.002 -19"><span class='ocrx_word' id='word_1_28' title='bbox 123 729 201 768; x_wconf 78' lang='lat' dir='ltr'><strong>esse</strong></span> <span class='ocrx_word' id='word_1_29' title='bbox 221 710 376 781; x_wconf 85' lang='lat' dir='ltr'><strong>ferventes,</strong></span> <span class='ocrx_word' id='word_1_30' title='bbox 391 715 426 767; x_wconf 91' lang='lat' dir='ltr'><strong>ut</strong></span> <span class='ocrx_word' id='word_1_31' title='bbox 442 710 474 766; x_wconf 92' lang='lat' dir='ltr'><strong>in</strong></span> <span class='ocrx_word' id='word_1_32' title='bbox 494 715 548 766; x_wconf 90' lang='lat' dir='ltr'><strong>tua</strong></span> <span class='ocrx_word' id='word_1_33' title='bbox 567 709 724 767; x_wconf 81' lang='lat' dir='ltr'><strong>dilectione</strong></span> <span class='ocrx_word' id='word_1_34' title='bbox 743 715 955 786; x_wconf 82' lang='lat' dir='ltr'><strong>permanentes,</strong></span> <span class='ocrx_word' id='word_1_35' title='bbox 970 715 1000 767; x_wconf 92' lang='lat' dir='ltr'><strong>et</strong></span> <span class='ocrx_word' id='word_1_36' title='bbox 1020 710 1053 767; x_wconf 92' lang='lat' dir='ltr'><strong>in</strong></span> <span class='ocrx_word' id='word_1_37' title='bbox 1072 709 1130 768; x_wconf 88' lang='lat' dir='ltr'><strong>fide</strong></span> <span class='ocrx_word' id='word_1_38' title='bbox 1149 711 1342 770; x_wconf 83' lang='lat' dir='ltr'><strong>inveniantur</strong></span> 
     </span>
     <span class='ocr_line' id='line_1_6' title="bbox 122 789 1068 867; baseline 0.004 -19"><span class='ocrx_word' id='word_1_39' title='bbox 122 791 260 849; x_wconf 77' lang='lat' dir='ltr'><strong>stabiles</strong></span> <span class='ocrx_word' id='word_1_40' title='bbox 273 792 348 848; x_wconf 86' lang='lat' dir='ltr'><strong>etin</strong></span> <span class='ocrx_word' id='word_1_41' title='bbox 363 810 449 867; x_wconf 91' lang='lat' dir='ltr'><strong>opere</strong></span> <span class='ocrx_word' id='word_1_42' title='bbox 463 790 597 848; x_wconf 88' lang='lat' dir='ltr'><strong>efficaces.</strong></span> <span class='ocrx_word' id='word_1_43' title='bbox 640 790 705 848; x_wconf 91' lang='lat' dir='ltr'><strong>Per.</strong></span> <span class='ocrx_word' id='word_1_44' title='bbox 748 790 788 848; x_wconf 92' lang='lat' dir='ltr'><strong>In</strong></span> <span class='ocrx_word' id='word_1_45' title='bbox 801 790 917 848; x_wconf 85' lang='lat' dir='ltr'><strong>unitate</strong></span> <span class='ocrx_word' id='word_1_46' title='bbox 930 789 1068 867; x_wconf 87' lang='lat' dir='ltr'><strong>ejusdem.</strong></span> 
     </span>
    </p>

    <p class='ocr_par' dir='ltr' id='par_1_4' title="bbox 200 870 757 949">
     <span class='ocr_line' id='line_1_7' title="bbox 200 870 757 949; baseline 0 -20"><span class='ocrx_word' id='word_1_47' title='bbox 200 871 296 929; x_wconf 80' lang='lat' dir='ltr'><strong>Leetrb</strong></span> <span class='ocrx_word' id='word_1_48' title='bbox 309 871 401 929; x_wconf 84' lang='lat' dir='ltr'><strong>Joeiis</strong></span> <span class='ocrx_word' id='word_1_49' title='bbox 414 871 563 946; x_wconf 76' lang='lat' dir='ltr'><strong>Bropterae</strong></span> <span class='ocrx_word' id='word_1_50' title='bbox 577 870 626 948; x_wconf 87' lang='lat' dir='ltr'><strong>(ii.</strong></span> <span class='ocrx_word' id='word_1_51' title='bbox 639 871 757 949; x_wconf 80' lang='lat'><strong>28-32).</strong></span> 
     </span>
    </p>

    <p class='ocr_par' dir='ltr' id='par_1_5' title="bbox 122 950 1342 1110">
     <span class='ocr_line' id='line_1_8' title="bbox 201 950 1342 1030; baseline 0.004 -21"><span class='ocrx_word' id='word_1_52' title='bbox 201 952 278 1010; x_wconf 85' lang='lat' dir='ltr'><strong>Haec</strong></span> <span class='ocrx_word' id='word_1_53' title='bbox 291 953 363 1010; x_wconf 88' lang='lat' dir='ltr'><strong>dicit</strong></span> <span class='ocrx_word' id='word_1_54' title='bbox 376 952 522 1010; x_wconf 78' lang='lat' dir='ltr'><strong>Dominus</strong></span> <span class='ocrx_word' id='word_1_55' title='bbox 543 951 624 1009; x_wconf 89' lang='lat' dir='ltr'><strong>Deus</strong></span> <span class='ocrx_word' id='word_1_56' title='bbox 634 971 644 1024; x_wconf 99' lang='lat'>3</span> <span class='ocrx_word' id='word_1_57' title='bbox 667 950 835 1028; x_wconf 85' lang='lat' dir='ltr'><strong>Effundam</strong></span> <span class='ocrx_word' id='word_1_58' title='bbox 847 952 884 1010; x_wconf 90' lang='lat' dir='ltr'><strong>de</strong></span> <span class='ocrx_word' id='word_1_59' title='bbox 899 951 1013 1029; x_wconf 79' lang='lat' dir='ltr'><strong>Spiritu</strong></span> <span class='ocrx_word' id='word_1_60' title='bbox 1033 972 1098 1011; x_wconf 89' lang='lat' dir='ltr'><strong>meo</strong></span> <span class='ocrx_word' id='word_1_61' title='bbox 1118 972 1208 1029; x_wconf 80' lang='lat' dir='ltr'><strong>aeque</strong></span> <span class='ocrx_word' id='word_1_62' title='bbox 1222 955 1263 1012; x_wconf 79' lang='lat' dir='ltr'><strong>ad</strong></span> <span class='ocrx_word' id='word_1_63' title='bbox 1280 955 1342 1030; x_wconf 91' lang='lat' dir='ltr'><strong>qui·</strong></span> 
     </span>
     <span class='ocr_line' id='line_1_9' title="bbox 122 1032 896 1110; baseline -0.001 -18"><span class='ocrx_word' id='word_1_64' title='bbox 122 1052 257 1110; x_wconf 83' lang='lat' dir='ltr'><strong>cunque</strong></span> <span class='ocrx_word' id='word_1_65' title='bbox 270 1033 450 1091; x_wconf 83' lang='lat' dir='ltr'><strong>invocaverit</strong></span> <span class='ocrx_word' id='word_1_66' title='bbox 463 1051 571 1089; x_wconf 90' lang='lat' dir='ltr'><strong>nomen</strong></span> <span class='ocrx_word' id='word_1_67' title='bbox 584 1032 708 1089; x_wconf 89' lang='lat' dir='ltr'><strong>Domini</strong></span> <span class='ocrx_word' id='word_1_68' title='bbox 720 1032 818 1090; x_wconf 88' lang='lat' dir='ltr'><strong>salvus</strong></span> <span class='ocrx_word' id='word_1_69' title='bbox 832 1033 896 1091; x_wconf 89' lang='lat' dir='ltr'><strong>erit.</strong></span> 
     </span>
    </p>

    <p class='ocr_par' dir='ltr' id='par_1_6' title="bbox 121 1112 1342 1271">
     <span class='ocr_line' id='line_1_10' title="bbox 199 1112 1342 1194; baseline 0.003 -23"><span class='ocrx_word' id='word_1_70' title='bbox 199 1114 348 1191; x_wconf 86' lang='lat' dir='ltr'><strong>Alleluya.</strong></span> <span class='ocrx_word' id='word_1_71' title='bbox 398 1114 425 1171; x_wconf 94' lang='lat' dir='ltr'><strong>V.</strong></span> <span class='ocrx_word' id='word_1_72' title='bbox 449 1113 577 1190; x_wconf 83' lang='lat' dir='ltr'><strong>Spiritus</strong></span> <span class='ocrx_word' id='word_1_73' title='bbox 592 1112 716 1171; x_wconf 85' lang='lat' dir='ltr'><strong>Sanctus</strong></span> <span class='ocrx_word' id='word_1_74' title='bbox 728 1113 887 1189; x_wconf 87' lang='lat' dir='ltr'><strong>procedens</strong></span> <span class='ocrx_word' id='word_1_75' title='bbox 899 1133 918 1171; x_wconf 91' lang='lat' dir='ltr'><strong>a</strong></span> <span class='ocrx_word' id='word_1_76' title='bbox 930 1112 1039 1172; x_wconf 88' lang='lat' dir='ltr'><strong>throno</strong></span> <span class='ocrx_word' id='word_1_77' title='bbox 1052 1114 1267 1192; x_wconf 87' lang='lat' dir='ltr'><strong>Apostolorum</strong></span> <span class='ocrx_word' id='word_1_78' title='bbox 1279 1135 1342 1194; x_wconf 90' lang='lat' dir='ltr'><strong>pec-</strong></span> 
     </span>
     <span class='ocr_line' id='line_1_11' title="bbox 121 1192 822 1271; baseline 0 -17"><span class='ocrx_word' id='word_1_79' title='bbox 121 1200 207 1254; x_wconf 76' lang='lat' dir='ltr'><strong>tora</strong></span> <span class='ocrx_word' id='word_1_80' title='bbox 219 1195 364 1252; x_wconf 87' lang='lat' dir='ltr'><strong>invisibili</strong></span> <span class='ocrx_word' id='word_1_81' title='bbox 376 1193 463 1252; x_wconf 90' lang='lat' dir='ltr'><strong>hodie</strong></span> <span class='ocrx_word' id='word_1_82' title='bbox 476 1192 667 1271; x_wconf 78' lang='lat' dir='ltr'><strong>perlustravit</strong></span> <span class='ocrx_word' id='word_1_83' title='bbox 680 1194 822 1270; x_wconf 85' lang='lat' dir='ltr'><strong>potentia.</strong></span> 
     </span>
    </p>

    <p class='ocr_par' dir='ltr' id='par_1_7' title="bbox 201 1275 334 1334">
     <span class='ocr_line' id='line_1_12' title="bbox 201 1275 334 1334; baseline 0 0"><span class='ocrx_word' id='word_1_84' title='bbox 201 1275 334 1334; x_wconf 86' lang='lat' dir='ltr'><strong>Oramus.</strong></span> 
     </span>
    </p>

    <p class='ocr_par' dir='ltr' id='par_1_8' title="bbox 203 1356 312 1414">
     <span class='ocr_line' id='line_1_13' title="bbox 203 1356 312 1414; baseline 0 0"><span class='ocrx_word' id='word_1_85' title='bbox 203 1356 312 1414; x_wconf 80' lang='lat' dir='ltr'><strong>Oratio.</strong></span> 
     </span>
    </p>

    <p class='ocr_par' dir='ltr' id='par_1_9' title="bbox 130 1435 1342 1755">
     <span class='ocr_line' id='line_1_14' title="bbox 200 1435 1342 1513; baseline 0.004 -19"><span class='ocrx_word' id='word_1_86' title='bbox 200 1437 251 1494; x_wconf 89' lang='lat' dir='ltr'><strong>Da</strong></span> <span class='ocrx_word' id='word_1_87' title='bbox 264 1437 356 1510; x_wconf 91' lang='lat' dir='ltr'><strong>nobis,</strong></span> <span class='ocrx_word' id='word_1_88' title='bbox 371 1455 544 1513; x_wconf 82' lang='lat' dir='ltr'><strong>quaesumus,</strong></span> <span class='ocrx_word' id='word_1_89' title='bbox 561 1435 698 1509; x_wconf 87' lang='lat' dir='ltr'><strong>Domine,</strong></span> <span class='ocrx_word' id='word_1_90' title='bbox 709 1456 762 1513; x_wconf 91' lang='lat' dir='ltr'><strong>per</strong></span> <span class='ocrx_word' id='word_1_91' title='bbox 774 1435 901 1513; x_wconf 83' lang='lat' dir='ltr'><strong>gratiam</strong></span> <span class='ocrx_word' id='word_1_92' title='bbox 915 1435 1017 1494; x_wconf 81' lang='lat' dir='ltr'><strong>Sancti</strong></span> <span class='ocrx_word' id='word_1_93' title='bbox 1031 1435 1160 1513; x_wconf 84' lang='lat' dir='ltr'><strong>Spiritus</strong></span> <span class='ocrx_word' id='word_1_94' title='bbox 1174 1457 1282 1496; x_wconf 89' lang='lat' dir='ltr'><strong>novam</strong></span> <span class='ocrx_word' id='word_1_95' title='bbox 1295 1440 1342 1498; x_wconf 88' lang='lat' dir='ltr'><strong>tui</strong></span> 
     </span>
     <span class='ocr_line' id='line_1_15' title="bbox 130 1517 1341 1596; baseline 0 -20"><span class='ocrx_word' id='word_1_96' title='bbox 130 1517 282 1576; x_wconf 87' lang='lat' dir='ltr'><strong>Paracliti</strong></span> <span class='ocrx_word' id='word_1_97' title='bbox 296 1518 456 1594; x_wconf 88' lang='lat' dir='ltr'><strong>spiritualis</strong></span> <span class='ocrx_word' id='word_1_98' title='bbox 470 1517 662 1575; x_wconf 88' lang='lat' dir='ltr'><strong>observantiae</strong></span> <span class='ocrx_word' id='word_1_99' title='bbox 677 1517 870 1594; x_wconf 88' lang='lat' dir='ltr'><strong>disciplinam,</strong></span> <span class='ocrx_word' id='word_1_100' title='bbox 886 1522 921 1574; x_wconf 90' lang='lat' dir='ltr'><strong>ut</strong></span> <span class='ocrx_word' id='word_1_101' title='bbox 935 1524 1047 1576; x_wconf 88' lang='lat' dir='ltr'><strong>mentes</strong></span> <span class='ocrx_word' id='word_1_102' title='bbox 1060 1524 1168 1576; x_wconf 83' lang='lat' dir='ltr'><strong>nostrae</strong></span> <span class='ocrx_word' id='word_1_103' title='bbox 1181 1519 1245 1595; x_wconf 93' lang='lat' dir='ltr'><strong>ipso</strong></span> <span class='ocrx_word' id='word_1_104' title='bbox 1261 1521 1341 1596; x_wconf 88' lang='lat' dir='ltr'><strong>puri-</strong></span> 
     </span>
     <span class='ocr_line' id='line_1_16' title="bbox 130 1595 1340 1679; baseline 0.001 -23"><span class='ocrx_word' id='word_1_105' title='bbox 130 1599 256 1671; x_wconf 83' lang='lat' dir='ltr'><strong>ficante,</strong></span> <span class='ocrx_word' id='word_1_106' title='bbox 271 1600 384 1656; x_wconf 88' lang='lat' dir='ltr'><strong>cunctis</strong></span> <span class='ocrx_word' id='word_1_107' title='bbox 397 1599 560 1656; x_wconf 89' lang='lat' dir='ltr'><strong>reddantur</strong></span> <span class='ocrx_word' id='word_1_108' title='bbox 576 1599 639 1673; x_wconf 91' lang='lat' dir='ltr'><strong>ejus</strong></span> <span class='ocrx_word' id='word_1_109' title='bbox 660 1599 831 1656; x_wconf 91' lang='lat' dir='ltr'><strong>muneribus</strong></span> <span class='ocrx_word' id='word_1_110' title='bbox 850 1595 985 1676; x_wconf 88' lang='lat' dir='ltr'><strong>aptiores.</strong></span> <span class='ocrx_word' id='word_1_111' title='bbox 1001 1618 1003 1623; x_wconf 91' lang='lat'><em>·</em></span> <span class='ocrx_word' id='word_1_112' title='bbox 1027 1598 1086 1679; x_wconf 84' lang='lat' dir='ltr'><strong>Per</strong></span> <span class='ocrx_word' id='word_1_113' title='bbox 1099 1599 1263 1656; x_wconf 92' lang='lat' dir='ltr'><strong>Dominum</strong></span> <span class='ocrx_word' id='word_1_114' title='bbox 1276 1620 1340 1658; x_wconf 90' lang='lat' dir='ltr'><strong>nos-</strong></span> 
     </span>
     <span class='ocr_line' id='line_1_17' title="bbox 132 1678 732 1755; baseline -0.002 -17"><span class='ocrx_word' id='word_1_115' title='bbox 132 1685 228 1738; x_wconf 85' lang='lat' dir='ltr'><strong>trum.</strong></span> <span class='ocrx_word' id='word_1_116' title='bbox 272 1679 311 1736; x_wconf 91' lang='lat' dir='ltr'><strong>In</strong></span> <span class='ocrx_word' id='word_1_117' title='bbox 323 1679 439 1736; x_wconf 90' lang='lat' dir='ltr'><strong>unitate</strong></span> <span class='ocrx_word' id='word_1_118' title='bbox 452 1678 583 1755; x_wconf 87' lang='lat' dir='ltr'><strong>ejusdem</strong></span> <span class='ocrx_word' id='word_1_119' title='bbox 597 1678 732 1754; x_wconf 80' lang='lat' dir='ltr'><strong>Spiritus.</strong></span> 
     </span>
    </p>

    <p class='ocr_par' dir='ltr' id='par_1_10' title="bbox 198 1758 925 1836">
     <span class='ocr_line' id='line_1_18' title="bbox 198 1758 925 1836; baseline 0.003 -20"><span class='ocrx_word' id='word_1_120' title='bbox 198 1759 298 1818; x_wconf 79' lang='lat' dir='ltr'><strong>Lectio</strong></span> <span class='ocrx_word' id='word_1_121' title='bbox 312 1761 379 1818; x_wconf 79' lang='lat' dir='ltr'><strong>libri</strong></span> <span class='ocrx_word' id='word_1_122' title='bbox 391 1760 512 1818; x_wconf 79' lang='lat' dir='ltr'><strong>Leiritici</strong></span> <span class='ocrx_word' id='word_1_123' title='bbox 528 1759 630 1836; x_wconf 82' lang='lat' dir='ltr'><strong>(ccxiii.</strong></span> <span class='ocrx_word' id='word_1_124' title='bbox 648 1759 725 1832; x_wconf 84' lang='lat'><strong>9-11,</strong></span> <span class='ocrx_word' id='word_1_125' title='bbox 742 1759 839 1832; x_wconf 83' lang='lat' dir='ltr'><strong>15-1r‚</strong></span> <span class='ocrx_word' id='word_1_126' title='bbox 854 1758 925 1834; x_wconf 82' lang='lat'><strong>21).</strong></span> 
     </span>
    </p>

    <p class='ocr_par' dir='ltr' id='par_1_11' title="bbox 139 1839 1343 2886">
     <span class='ocr_line' id='line_1_19' title="bbox 200 1839 1339 1918; baseline 0.002 -20"><span class='ocrx_word' id='word_1_127' title='bbox 200 1840 240 1898; x_wconf 92' lang='lat' dir='ltr'><strong>In</strong></span> <span class='ocrx_word' id='word_1_128' title='bbox 260 1841 363 1898; x_wconf 88' lang='lat' dir='ltr'><strong>diebus</strong></span> <span class='ocrx_word' id='word_1_129' title='bbox 382 1840 450 1913; x_wconf 90' lang='lat' dir='ltr'><strong>illis,</strong></span> <span class='ocrx_word' id='word_1_130' title='bbox 470 1840 600 1897; x_wconf 89' lang='lat' dir='ltr'><strong>Locutus</strong></span> <span class='ocrx_word' id='word_1_131' title='bbox 621 1845 666 1897; x_wconf 88' lang='lat' dir='ltr'><strong>est</strong></span> <span class='ocrx_word' id='word_1_132' title='bbox 686 1840 833 1897; x_wconf 88' lang='lat' dir='ltr'><strong>Dominus</strong></span> <span class='ocrx_word' id='word_1_133' title='bbox 853 1840 892 1898; x_wconf 92' lang='lat' dir='ltr'><strong>ad</strong></span> <span class='ocrx_word' id='word_1_134' title='bbox 912 1839 1045 1917; x_wconf 83' lang='lat' dir='ltr'><strong>Moysen,</strong></span> <span class='ocrx_word' id='word_1_135' title='bbox 1067 1841 1166 1899; x_wconf 90' lang='lat' dir='ltr'><strong>dicens</strong></span> <span class='ocrx_word' id='word_1_136' title='bbox 1176 1861 1185 1915; x_wconf 92' lang='lat'>3</span> <span class='ocrx_word' id='word_1_137' title='bbox 1205 1840 1339 1918; x_wconf 82' lang='lat' dir='ltr'><strong>Loquere</strong></span> 
     </span>
     <span class='ocr_line' id='line_1_20' title="bbox 139 1920 1339 2000; baseline 0.002 -21"><span class='ocrx_word' id='word_1_138' title='bbox 139 1921 209 1979; x_wconf 87' lang='lat' dir='ltr'><strong>filiis</strong></span> <span class='ocrx_word' id='word_1_139' title='bbox 222 1921 325 1994; x_wconf 89' lang='lat' dir='ltr'><strong>Israel,</strong></span> <span class='ocrx_word' id='word_1_140' title='bbox 341 1927 371 1979; x_wconf 92' lang='lat' dir='ltr'><strong>et</strong></span> <span class='ocrx_word' id='word_1_141' title='bbox 384 1922 462 1978; x_wconf 89' lang='lat' dir='ltr'><strong>dices</strong></span> <span class='ocrx_word' id='word_1_142' title='bbox 475 1920 512 1978; x_wconf 93' lang='lat' dir='ltr'><strong>ad</strong></span> <span class='ocrx_word' id='word_1_143' title='bbox 526 1940 590 1978; x_wconf 91' lang='lat' dir='ltr'><strong>eos:</strong></span> <span class='ocrx_word' id='word_1_144' title='bbox 613 1920 689 1978; x_wconf 80' lang='lat' dir='ltr'><strong>Cum</strong></span> <span class='ocrx_word' id='word_1_145' title='bbox 702 1921 826 1998; x_wconf 84' lang='lat' dir='ltr'><strong>ingressi</strong></span> <span class='ocrx_word' id='word_1_146' title='bbox 837 1920 953 1978; x_wconf 87' lang='lat' dir='ltr'><strong>fueritis</strong></span> <span class='ocrx_word' id='word_1_147' title='bbox 968 1927 1079 1979; x_wconf 90' lang='lat' dir='ltr'><strong>terram</strong></span> <span class='ocrx_word' id='word_1_148' title='bbox 1093 1941 1182 1998; x_wconf 92' lang='lat' dir='ltr'><strong>quam</strong></span> <span class='ocrx_word' id='word_1_149' title='bbox 1195 1943 1248 2000; x_wconf 85' lang='lat' dir='ltr'><strong>ego</strong></span> <span class='ocrx_word' id='word_1_150' title='bbox 1262 1923 1339 1981; x_wconf 90' lang='lat' dir='ltr'><strong>dabo</strong></span> 
     </span>
     <span class='ocr_line' id='line_1_21' title="bbox 139 2001 1338 2079; baseline 0.003 -22"><span class='ocrx_word' id='word_1_151' title='bbox 139 2003 230 2075; x_wconf 87' lang='lat' dir='ltr'><strong>vobis,</strong></span> <span class='ocrx_word' id='word_1_152' title='bbox 247 2008 277 2060; x_wconf 92' lang='lat' dir='ltr'><strong>et</strong></span> <span class='ocrx_word' id='word_1_153' title='bbox 290 2001 468 2060; x_wconf 84' lang='lat' dir='ltr'><strong>messueritis</strong></span> <span class='ocrx_word' id='word_1_154' title='bbox 481 2007 617 2078; x_wconf 86' lang='lat' dir='ltr'><strong>segetem,</strong></span> <span class='ocrx_word' id='word_1_155' title='bbox 627 2001 729 2059; x_wconf 86' lang='lat' dir='ltr'><strong>feretis</strong></span> <span class='ocrx_word' id='word_1_156' title='bbox 742 2001 907 2078; x_wconf 90' lang='lat' dir='ltr'><strong>manipulos</strong></span> <span class='ocrx_word' id='word_1_157' title='bbox 916 2002 1070 2078; x_wconf 88' lang='lat' dir='ltr'><strong>spicarum,</strong></span> <span class='ocrx_word' id='word_1_158' title='bbox 1082 2003 1228 2079; x_wconf 86' lang='lat' dir='ltr'><strong>primitias</strong></span> <span class='ocrx_word' id='word_1_159' title='bbox 1238 2005 1338 2062; x_wconf 87' lang='lat' dir='ltr'><strong>messis</strong></span> 
     </span>
     <span class='ocr_line' id='line_1_22' title="bbox 140 2082 1340 2162; baseline 0.003 -23"><span class='ocrx_word' id='word_1_160' title='bbox 140 2089 254 2155; x_wconf 85' lang='lat' dir='ltr'><strong>vestrae,</strong></span> <span class='ocrx_word' id='word_1_161' title='bbox 269 2084 306 2140; x_wconf 90' lang='lat' dir='ltr'><strong>ad</strong></span> <span class='ocrx_word' id='word_1_162' title='bbox 320 2083 518 2140; x_wconf 86' lang='lat' dir='ltr'><strong>sacerdotem:</strong></span> <span class='ocrx_word' id='word_1_163' title='bbox 540 2083 592 2158; x_wconf 92' lang='lat' dir='ltr'><strong>qui</strong></span> <span class='ocrx_word' id='word_1_164' title='bbox 605 2082 733 2140; x_wconf 90' lang='lat' dir='ltr'><strong>elevabit</strong></span> <span class='ocrx_word' id='word_1_165' title='bbox 744 2082 916 2140; x_wconf 86' lang='lat' dir='ltr'><strong>fasciculum</strong></span> <span class='ocrx_word' id='word_1_166' title='bbox 930 2102 1027 2141; x_wconf 87' lang='lat' dir='ltr'><strong>coram</strong></span> <span class='ocrx_word' id='word_1_167' title='bbox 1041 2084 1179 2157; x_wconf 91' lang='lat' dir='ltr'><strong>Domino,</strong></span> <span class='ocrx_word' id='word_1_168' title='bbox 1194 2090 1230 2141; x_wconf 91' lang='lat' dir='ltr'><strong>ut</strong></span> <span class='ocrx_word' id='word_1_169' title='bbox 1242 2104 1340 2162; x_wconf 88' lang='lat' dir='ltr'><strong>accep-</strong></span> 
     </span>
     <span class='ocr_line' id='line_1_23' title="bbox 141 2162 1340 2240; baseline 0.002 -19"><span class='ocrx_word' id='word_1_170' title='bbox 141 2164 240 2221; x_wconf 88' lang='lat' dir='ltr'><strong>tabilis</strong></span> <span class='ocrx_word' id='word_1_171' title='bbox 251 2164 290 2221; x_wconf 90' lang='lat' dir='ltr'><strong>sit</strong></span> <span class='ocrx_word' id='word_1_172' title='bbox 300 2183 352 2240; x_wconf 90' lang='lat' dir='ltr'><strong>pro</strong></span> <span class='ocrx_word' id='word_1_173' title='bbox 360 2164 453 2236; x_wconf 89' lang='lat' dir='ltr'><strong>vobis,</strong></span> <span class='ocrx_word' id='word_1_174' title='bbox 462 2163 556 2220; x_wconf 88' lang='lat' dir='ltr'><strong>altero</strong></span> <span class='ocrx_word' id='word_1_175' title='bbox 566 2162 613 2219; x_wconf 90' lang='lat' dir='ltr'><strong>die</strong></span> <span class='ocrx_word' id='word_1_176' title='bbox 624 2163 754 2235; x_wconf 88' lang='lat' dir='ltr'><strong>Sabbati,</strong></span> <span class='ocrx_word' id='word_1_177' title='bbox 764 2169 795 2221; x_wconf 90' lang='lat' dir='ltr'><strong>et</strong></span> <span class='ocrx_word' id='word_1_178' title='bbox 804 2163 1000 2222; x_wconf 87' lang='lat' dir='ltr'><strong>sanctificabit</strong></span> <span class='ocrx_word' id='word_1_179' title='bbox 1009 2163 1102 2224; x_wconf 86' lang='lat' dir='ltr'><strong>illum.</strong></span> <span class='ocrx_word' id='word_1_180' title='bbox 1135 2165 1340 2224; x_wconf 88' lang='lat' dir='ltr'><strong>Numerabitis</strong></span> 
     </span>
     <span class='ocr_line' id='line_1_24' title="bbox 141 2244 1340 2323; baseline 0.003 -22"><span class='ocrx_word' id='word_1_181' title='bbox 141 2263 209 2321; x_wconf 86' lang='lat' dir='ltr'><strong>ergo</strong></span> <span class='ocrx_word' id='word_1_182' title='bbox 229 2245 347 2321; x_wconf 88' lang='lat' dir='ltr'><strong>abipso</strong></span> <span class='ocrx_word' id='word_1_183' title='bbox 366 2245 414 2301; x_wconf 85' lang='lat' dir='ltr'><strong>die</strong></span> <span class='ocrx_word' id='word_1_184' title='bbox 431 2245 463 2301; x_wconf 94' lang='lat' dir='ltr'><strong>in</strong></span> <span class='ocrx_word' id='word_1_185' title='bbox 481 2263 539 2320; x_wconf 93' lang='lat' dir='ltr'><strong>quo</strong></span> <span class='ocrx_word' id='word_1_186' title='bbox 558 2244 708 2301; x_wconf 86' lang='lat' dir='ltr'><strong>obtulistis</strong></span> <span class='ocrx_word' id='word_1_187' title='bbox 725 2245 891 2321; x_wconf 87' lang='lat' dir='ltr'><strong>manipulos</strong></span> <span class='ocrx_word' id='word_1_188' title='bbox 911 2245 1120 2322; x_wconf 88' lang='lat' dir='ltr'><strong>primitiarum,</strong></span> <span class='ocrx_word' id='word_1_189' title='bbox 1138 2252 1251 2323; x_wconf 89' lang='lat' dir='ltr'><strong>septem</strong></span> <span class='ocrx_word' id='word_1_190' title='bbox 1272 2247 1340 2304; x_wconf 87' lang='lat' dir='ltr'><strong>heb</strong></span> 
     </span>
     <span class='ocr_line' id='line_1_25' title="bbox 141 2324 1339 2404; baseline 0.002 -22"><span class='ocrx_word' id='word_1_191' title='bbox 141 2325 279 2382; x_wconf 87' lang='lat' dir='ltr'><strong>domadas</strong></span> <span class='ocrx_word' id='word_1_192' title='bbox 291 2325 400 2401; x_wconf 90' lang='lat' dir='ltr'><strong>plenas,</strong></span> <span class='ocrx_word' id='word_1_193' title='bbox 415 2344 507 2401; x_wconf 87' lang='lat' dir='ltr'><strong>usque</strong></span> <span class='ocrx_word' id='word_1_194' title='bbox 521 2324 558 2382; x_wconf 89' lang='lat' dir='ltr'><strong>ad</strong></span> <span class='ocrx_word' id='word_1_195' title='bbox 572 2324 696 2382; x_wconf 90' lang='lat' dir='ltr'><strong>alteram</strong></span> <span class='ocrx_word' id='word_1_196' title='bbox 709 2325 787 2383; x_wconf 92' lang='lat' dir='ltr'><strong>diem</strong></span> <span class='ocrx_word' id='word_1_197' title='bbox 801 2325 979 2403; x_wconf 84' lang='lat' dir='ltr'><strong>expletionis</strong></span> <span class='ocrx_word' id='word_1_198' title='bbox 992 2326 1180 2384; x_wconf 85' lang='lat' dir='ltr'><strong>hebdomadae</strong></span> <span class='ocrx_word' id='word_1_199' title='bbox 1194 2327 1339 2404; x_wconf 86' lang='lat' dir='ltr'><strong>septimae:</strong></span> 
     </span>
     <span class='ocr_line' id='line_1_26' title="bbox 141 2405 1339 2479; baseline 0.003 -16"><span class='ocrx_word' id='word_1_200' title='bbox 141 2406 222 2464; x_wconf 85' lang='lat' dir='ltr'><strong>etsie</strong></span> <span class='ocrx_word' id='word_1_201' title='bbox 233 2406 359 2463; x_wconf 87' lang='lat' dir='ltr'><strong>offeretis</strong></span> <span class='ocrx_word' id='word_1_202' title='bbox 373 2405 547 2463; x_wconf 87' lang='lat' dir='ltr'><strong>sacrificium</strong></span> <span class='ocrx_word' id='word_1_203' title='bbox 560 2424 672 2463; x_wconf 90' lang='lat' dir='ltr'><strong>novum</strong></span> <span class='ocrx_word' id='word_1_204' title='bbox 686 2405 826 2479; x_wconf 92' lang='lat' dir='ltr'><strong>Domino,</strong></span> <span class='ocrx_word' id='word_1_205' title='bbox 837 2425 876 2463; x_wconf 88' lang='lat' dir='ltr'><strong>ex</strong></span> <span class='ocrx_word' id='word_1_206' title='bbox 890 2406 1025 2464; x_wconf 91' lang='lat' dir='ltr'><strong>omnibus</strong></span> <span class='ocrx_word' id='word_1_207' title='bbox 1038 2406 1213 2466; x_wconf 85' lang='lat' dir='ltr'><strong>habitaculis</strong></span> <span class='ocrx_word' id='word_1_208' title='bbox 1226 2409 1339 2467; x_wconf 87' lang='lat' dir='ltr'><strong>vestris.</strong></span> 
     </span>
     <span class='ocr_line' id='line_1_27' title="bbox 140 2485 1343 2563; baseline 0.003 -20"><span class='ocrx_word' id='word_1_209' title='bbox 140 2485 236 2544; x_wconf 89' lang='lat' dir='ltr'><strong>Panes</strong></span> <span class='ocrx_word' id='word_1_210' title='bbox 250 2488 448 2562; x_wconf 90' lang='lat' dir='ltr'><strong>primitiarum</strong></span> <span class='ocrx_word' id='word_1_211' title='bbox 462 2486 534 2543; x_wconf 91' lang='lat' dir='ltr'><strong>duos</strong></span> <span class='ocrx_word' id='word_1_212' title='bbox 549 2485 585 2543; x_wconf 90' lang='lat' dir='ltr'><strong>de</strong></span> <span class='ocrx_word' id='word_1_213' title='bbox 598 2486 712 2543; x_wconf 90' lang='lat' dir='ltr'><strong>duabus</strong></span> <span class='ocrx_word' id='word_1_214' title='bbox 726 2487 846 2544; x_wconf 90' lang='lat' dir='ltr'><strong>decimis</strong></span> <span class='ocrx_word' id='word_1_215' title='bbox 860 2487 972 2560; x_wconf 86' lang='lat' dir='ltr'><strong>similae,</strong></span> <span class='ocrx_word' id='word_1_216' title='bbox 982 2507 1055 2563; x_wconf 88' lang='lat' dir='ltr'><strong>quos</strong></span> <span class='ocrx_word' id='word_1_217' title='bbox 1069 2488 1196 2546; x_wconf 90' lang='lat' dir='ltr'><strong>elevabit</strong></span> <span class='ocrx_word' id='word_1_218' title='bbox 1211 2490 1343 2547; x_wconf 87' lang='lat' dir='ltr'><strong>sacerdos</strong></span> 
     </span>
     <span class='ocr_line' id='line_1_28' title="bbox 141 2566 1343 2645; baseline 0.002 -21"><span class='ocrx_word' id='word_1_219' title='bbox 141 2587 237 2624; x_wconf 88' lang='lat' dir='ltr'><strong>coram</strong></span> <span class='ocrx_word' id='word_1_220' title='bbox 252 2567 388 2627; x_wconf 92' lang='lat' dir='ltr'><strong>Domino.</strong></span> <span class='ocrx_word' id='word_1_221' title='bbox 431 2566 473 2623; x_wconf 83' lang='lat' dir='ltr'><strong>Et</strong></span> <span class='ocrx_word' id='word_1_222' title='bbox 486 2567 629 2624; x_wconf 89' lang='lat' dir='ltr'><strong>vocabitis</strong></span> <span class='ocrx_word' id='word_1_223' title='bbox 649 2567 728 2624; x_wconf 91' lang='lat' dir='ltr'><strong>hunc</strong></span> <span class='ocrx_word' id='word_1_224' title='bbox 746 2568 826 2626; x_wconf 91' lang='lat' dir='ltr'><strong>diem</strong></span> <span class='ocrx_word' id='word_1_225' title='bbox 845 2568 1067 2626; x_wconf 88' lang='lat' dir='ltr'><strong>celeberrimum</strong></span> <span class='ocrx_word' id='word_1_226' title='bbox 1087 2575 1177 2645; x_wconf 87' lang='lat' dir='ltr'><strong>atque</strong></span> <span class='ocrx_word' id='word_1_227' title='bbox 1197 2571 1343 2628; x_wconf 89' lang='lat' dir='ltr'><strong>sanctissi-</strong></span> 
     </span>
     <span class='ocr_line' id='line_1_29' title="bbox 140 2647 1342 2726; baseline 0.002 -22"><span class='ocrx_word' id='word_1_228' title='bbox 140 2667 241 2706; x_wconf 90' lang='lat' dir='ltr'><strong>mum:</strong></span> <span class='ocrx_word' id='word_1_229' title='bbox 262 2668 347 2705; x_wconf 90' lang='lat' dir='ltr'><strong>omne</strong></span> <span class='ocrx_word' id='word_1_230' title='bbox 367 2668 440 2724; x_wconf 92' lang='lat' dir='ltr'><strong>opus</strong></span> <span class='ocrx_word' id='word_1_231' title='bbox 460 2647 565 2704; x_wconf 90' lang='lat' dir='ltr'><strong>servile</strong></span> <span class='ocrx_word' id='word_1_232' title='bbox 585 2666 646 2705; x_wconf 92' lang='lat' dir='ltr'><strong>non</strong></span> <span class='ocrx_word' id='word_1_233' title='bbox 665 2647 778 2707; x_wconf 85' lang='lat' dir='ltr'><strong>facietis</strong></span> <span class='ocrx_word' id='word_1_234' title='bbox 795 2649 828 2705; x_wconf 93' lang='lat' dir='ltr'><strong>in</strong></span> <span class='ocrx_word' id='word_1_235' title='bbox 841 2667 883 2707; x_wconf 88' lang='lat' dir='ltr'><strong>ee.</strong></span> <span class='ocrx_word' id='word_1_236' title='bbox 926 2649 1108 2726; x_wconf 85' lang='lat' dir='ltr'><strong>Legitimum</strong></span> <span class='ocrx_word' id='word_1_237' title='bbox 1129 2652 1342 2726; x_wconf 87' lang='lat' dir='ltr'><strong>sempiternum</strong></span> 
     </span>
     <span class='ocr_line' id='line_1_30' title="bbox 141 2728 1343 2804; baseline 0.002 -19"><span class='ocrx_word' id='word_1_238' title='bbox 141 2729 198 2786; x_wconf 85' lang='lat' dir='ltr'><strong>erit</strong></span> <span class='ocrx_word' id='word_1_239' title='bbox 230 2730 262 2786; x_wconf 93' lang='lat' dir='ltr'><strong>in</strong></span> <span class='ocrx_word' id='word_1_240' title='bbox 285 2731 397 2787; x_wconf 91' lang='lat' dir='ltr'><strong>cunctis</strong></span> <span class='ocrx_word' id='word_1_241' title='bbox 425 2728 601 2786; x_wconf 89' lang='lat' dir='ltr'><strong>habitaculis</strong></span> <span class='ocrx_word' id='word_1_242' title='bbox 629 2734 659 2784; x_wconf 90' lang='lat' dir='ltr'><strong>et</strong></span> <span class='ocrx_word' id='word_1_243' title='bbox 686 2729 926 2804; x_wconf 83' lang='lat' dir='ltr'><strong>generationibus</strong></span> <span class='ocrx_word' id='word_1_244' title='bbox 952 2729 1067 2803; x_wconf 88' lang='lat' dir='ltr'><strong>vestris,</strong></span> <span class='ocrx_word' id='word_1_245' title='bbox 1096 2730 1168 2787; x_wconf 87' lang='lat' dir='ltr'><strong>dicit</strong></span> <span class='ocrx_word' id='word_1_246' title='bbox 1196 2730 1343 2788; x_wconf 88' lang='lat' dir='ltr'><strong>Dominus</strong></span> 
     </span>
     <span class='ocr_line' id='line_1_31' title="bbox 141 2810 332 2886; baseline 0.016 -20"><span class='ocrx_word' id='word_1_247' title='bbox 141 2810 332 2886; x_wconf 79' lang='lat' dir='ltr'><strong>omnipotens</strong></span> 
     </span>
    </p>

    <p class='ocr_par' dir='ltr' id='par_1_12' title="bbox 152 2889 759 2969">
     <span class='ocr_line' id='line_1_32' title="bbox 152 2889 759 2969; baseline 0 -21"><span class='ocrx_word' id='word_1_248' title='bbox 152 2948 156 2969; x_wconf 60' lang='lat'>‚</span> <span class='ocrx_word' id='word_1_249' title='bbox 199 2891 348 2966; x_wconf 83' lang='lat' dir='ltr'><strong>Alleluya.</strong></span> <span class='ocrx_word' id='word_1_250' title='bbox 396 2889 425 2949; x_wconf 98' lang='lat' dir='ltr'><strong>V.</strong></span> <span class='ocrx_word' id='word_1_251' title='bbox 448 2889 558 2948; x_wconf 84' lang='lat' dir='ltr'><strong>Factus</strong></span> <span class='ocrx_word' id='word_1_252' title='bbox 568 2894 616 2947; x_wconf 86' lang='lat' dir='ltr'><strong>est</strong></span> <span class='ocrx_word' id='word_1_253' title='bbox 629 2895 759 2967; x_wconf 89' lang='lat' dir='ltr'><strong>repente.</strong></span> 
     </span>
    </p>

    <p class='ocr_par' dir='ltr' id='par_1_13' title="bbox 202 2971 310 3030">
     <span class='ocr_line' id='line_1_33' title="bbox 202 2971 310 3030; baseline -0.009 0"><span class='ocrx_word' id='word_1_254' title='bbox 202 2971 310 3030; x_wconf 80' lang='lat' dir='ltr'><strong>Oratio.</strong></span> 
     </span>
    </p>

    <p class='ocr_par' dir='ltr' id='par_1_14' title="bbox 140 3050 1342 3290">
     <span class='ocr_line' id='line_1_34' title="bbox 199 3050 1342 3129; baseline -0.001 -19"><span class='ocrx_word' id='word_1_255' title='bbox 199 3052 321 3124; x_wconf 85' lang='lat' dir='ltr'><strong>Praesta,</strong></span> <span class='ocrx_word' id='word_1_256' title='bbox 337 3071 512 3129; x_wconf 87' lang='lat' dir='ltr'><strong>quaesumus,</strong></span> <span class='ocrx_word' id='word_1_257' title='bbox 535 3051 671 3124; x_wconf 88' lang='lat' dir='ltr'><strong>Domine,</strong></span> <span class='ocrx_word' id='word_1_258' title='bbox 687 3056 754 3108; x_wconf 90' lang='lat' dir='ltr'><strong>uta</strong></span> <span class='ocrx_word' id='word_1_259' title='bbox 766 3050 877 3109; x_wconf 89' lang='lat' dir='ltr'><strong>nostris</strong></span> <span class='ocrx_word' id='word_1_260' title='bbox 896 3051 1046 3109; x_wconf 90' lang='lat' dir='ltr'><strong>mentibus</strong></span> <span class='ocrx_word' id='word_1_261' title='bbox 1066 3050 1196 3126; x_wconf 87' lang='lat' dir='ltr'><strong>Spiritus</strong></span> <span class='ocrx_word' id='word_1_262' title='bbox 1216 3052 1342 3111; x_wconf 87' lang='lat' dir='ltr'><strong>Sanctus</strong></span> 
     </span>
     <span class='ocr_line' id='line_1_35' title="bbox 140 3131 1341 3209; baseline -0.001 -18"><span class='ocrx_word' id='word_1_263' title='bbox 140 3133 272 3191; x_wconf 85' lang='lat' dir='ltr'><strong>carnales</strong></span> <span class='ocrx_word' id='word_1_264' title='bbox 291 3138 427 3191; x_wconf 88' lang='lat' dir='ltr'><strong>amoveat</strong></span> <span class='ocrx_word' id='word_1_265' title='bbox 446 3132 577 3205; x_wconf 86' lang='lat' dir='ltr'><strong>affectus,</strong></span> <span class='ocrx_word' id='word_1_266' title='bbox 600 3138 630 3190; x_wconf 92' lang='lat' dir='ltr'><strong>et</strong></span> <span class='ocrx_word' id='word_1_267' title='bbox 650 3132 816 3209; x_wconf 87' lang='lat' dir='ltr'><strong>spiritualia</strong></span> <span class='ocrx_word' id='word_1_268' title='bbox 834 3131 920 3189; x_wconf 90' lang='lat' dir='ltr'><strong>nobis</strong></span> <span class='ocrx_word' id='word_1_269' title='bbox 938 3132 1016 3190; x_wconf 91' lang='lat' dir='ltr'><strong>dona</strong></span> <span class='ocrx_word' id='word_1_270' title='bbox 1034 3137 1172 3208; x_wconf 86' lang='lat' dir='ltr'><strong>potenter</strong></span> <span class='ocrx_word' id='word_1_271' title='bbox 1194 3133 1341 3190; x_wconf 88' lang='lat' dir='ltr'><strong>infundat.</strong></span> 
     </span>
     <span class='ocr_line' id='line_1_36' title="bbox 140 3213 890 3290; baseline 0 -19"><span class='ocrx_word' id='word_1_272' title='bbox 140 3214 200 3272; x_wconf 89' lang='lat' dir='ltr'><strong>Per</strong></span> <span class='ocrx_word' id='word_1_273' title='bbox 213 3214 384 3272; x_wconf 89' lang='lat' dir='ltr'><strong>Dominum.</strong></span> <span class='ocrx_word' id='word_1_274' title='bbox 427 3213 467 3271; x_wconf 92' lang='lat' dir='ltr'><strong>In</strong></span> <span class='ocrx_word' id='word_1_275' title='bbox 480 3213 596 3271; x_wconf 87' lang='lat' dir='ltr'><strong>unitate</strong></span> <span class='ocrx_word' id='word_1_276' title='bbox 611 3214 741 3290; x_wconf 88' lang='lat' dir='ltr'><strong>ejusdem</strong></span> <span class='ocrx_word' id='word_1_277' title='bbox 755 3213 890 3290; x_wconf 89' lang='lat' dir='ltr'><strong>Spiritus.</strong></span> 
     </span>
    </p>

    <p class='ocr_par' dir='ltr' id='par_1_15' title="bbox 199 3293 1305 3372">
     <span class='ocr_line' id='line_1_37' title="bbox 199 3293 1305 3372; baseline 0.001 -21"><span class='ocrx_word' id='word_1_278' title='bbox 199 3294 298 3352; x_wconf 79' lang='lat' dir='ltr'><strong>Lectio</strong></span> <span class='ocrx_word' id='word_1_279' title='bbox 311 3294 447 3352; x_wconf 81' lang='lat' dir='ltr'><strong>Danielis</strong></span> <span class='ocrx_word' id='word_1_280' title='bbox 459 3294 609 3370; x_wconf 77' lang='lat' dir='ltr'><strong>Prophetae</strong></span> <span class='ocrx_word' id='word_1_281' title='bbox 622 3293 686 3370; x_wconf 90' lang='lat' dir='ltr'><strong>(iii.</strong></span> <span class='ocrx_word' id='word_1_282' title='bbox 704 3295 802 3367; x_wconf 84' lang='lat'><strong>49-88,</strong></span> <span class='ocrx_word' id='word_1_283' title='bbox 820 3293 977 3353; x_wconf 72' lang='lat' dir='ltr'><strong>Canticum</strong></span> <span class='ocrx_word' id='word_1_284' title='bbox 992 3294 1099 3351; x_wconf 76' lang='lat' dir='ltr'><strong>Triari</strong></span> <span class='ocrx_word' id='word_1_285' title='bbox 1111 3294 1305 3372; x_wconf 81' lang='lat' dir='ltr'><strong>Puerorum).</strong></span> 
     </span>
    </p>

    <p class='ocr_par' dir='ltr' id='par_1_16' title="bbox 140 3374 1344 3516">
     <span class='ocr_line' id='line_1_38' title="bbox 199 3374 1344 3454; baseline -0.001 -21"><span class='ocrx_word' id='word_1_286' title='bbox 199 3375 333 3452; x_wconf 86' lang='lat' dir='ltr'><strong>Angelus</strong></span> <span class='ocrx_word' id='word_1_287' title='bbox 346 3375 470 3432; x_wconf 91' lang='lat' dir='ltr'><strong>Domini</strong></span> <span class='ocrx_word' id='word_1_288' title='bbox 483 3375 633 3432; x_wconf 89' lang='lat' dir='ltr'><strong>descendit</strong></span> <span class='ocrx_word' id='word_1_289' title='bbox 645 3395 712 3432; x_wconf 93' lang='lat' dir='ltr'><strong>cum</strong></span> <span class='ocrx_word' id='word_1_290' title='bbox 723 3375 833 3432; x_wconf 65' lang='lat' dir='ltr'><strong>Maria</strong></span> <span class='ocrx_word' id='word_1_291' title='bbox 843 3380 874 3433; x_wconf 90' lang='lat' dir='ltr'><strong>et</strong></span> <span class='ocrx_word' id='word_1_292' title='bbox 886 3374 971 3432; x_wconf 88' lang='lat' dir='ltr'><strong>sociis</strong></span> <span class='ocrx_word' id='word_1_293' title='bbox 981 3375 1044 3451; x_wconf 91' lang='lat' dir='ltr'><strong>ejus</strong></span> <span class='ocrx_word' id='word_1_294' title='bbox 1054 3394 1144 3450; x_wconf 80' lang='lat' dir='ltr'><strong>acque</strong></span> <span class='ocrx_word' id='word_1_295' title='bbox 1154 3375 1195 3432; x_wconf 84' lang='lat' dir='ltr'><strong>ad</strong></span> <span class='ocrx_word' id='word_1_296' title='bbox 1208 3394 1344 3454; x_wconf 88' lang='lat' dir='ltr'><strong>superex-</strong></span> 
     </span>
     <span class='ocr_line' id='line_1_39' title="bbox 140 3456 484 3516; baseline 0 -2"><span class='ocrx_word' id='word_1_297' title='bbox 140 3456 232 3515; x_wconf 84' lang='lat' dir='ltr'><strong>altate</strong></span> <span class='ocrx_word' id='word_1_298' title='bbox 246 3476 312 3514; x_wconf 90' lang='lat' dir='ltr'><strong>eum</strong></span> <span class='ocrx_word' id='word_1_299' title='bbox 325 3457 358 3514; x_wconf 92' lang='lat' dir='ltr'><strong>in</strong></span> <span class='ocrx_word' id='word_1_300' title='bbox 372 3457 484 3516; x_wconf 85' lang='lat' dir='ltr'><strong>saecula.</strong></span> 
     </span>
    </p>

    <p class='ocr_par' dir='ltr' id='par_1_17' title="bbox 141 3536 1342 3676">
     <span class='ocr_line' id='line_1_40' title="bbox 200 3536 1342 3615; baseline 0.002 -21"><span class='ocrx_word' id='word_1_301' title='bbox 200 3537 348 3613; x_wconf 90' lang='lat' dir='ltr'><strong>Alleluya.</strong></span> <span class='ocrx_word' id='word_1_302' title='bbox 397 3536 426 3597; x_wconf 92' lang='lat' dir='ltr'><strong>V.</strong></span> <span class='ocrx_word' id='word_1_303' title='bbox 450 3537 627 3595; x_wconf 89' lang='lat' dir='ltr'><strong>Benedictus</strong></span> <span class='ocrx_word' id='word_1_304' title='bbox 648 3556 686 3609; x_wconf 90' lang='lat' dir='ltr'><strong>es,</strong></span> <span class='ocrx_word' id='word_1_305' title='bbox 708 3537 836 3596; x_wconf 90' lang='lat' dir='ltr'><strong>Domine</strong></span> <span class='ocrx_word' id='word_1_306' title='bbox 857 3537 939 3594; x_wconf 90' lang='lat' dir='ltr'><strong>Deus</strong></span> <span class='ocrx_word' id='word_1_307' title='bbox 958 3543 1078 3615; x_wconf 88' lang='lat' dir='ltr'><strong>patrum</strong></span> <span class='ocrx_word' id='word_1_308' title='bbox 1098 3542 1288 3596; x_wconf 90' lang='lat' dir='ltr'><strong>nostrorum:</strong></span> <span class='ocrx_word' id='word_1_309' title='bbox 1312 3543 1342 3596; x_wconf 89' lang='lat' dir='ltr'><strong>et</strong></span> 
     </span>
     <span class='ocr_line' id='line_1_41' title="bbox 141 3617 469 3676; baseline 0.003 -1"><span class='ocrx_word' id='word_1_310' title='bbox 141 3617 297 3675; x_wconf 84' lang='lat' dir='ltr'><strong>laudabilis</strong></span> <span class='ocrx_word' id='word_1_311' title='bbox 311 3617 469 3676; x_wconf 82' lang='lat' dir='ltr'><strong>insaecula.</strong></span> 
     </span>
    </p>

    <p class='ocr_par' dir='ltr' id='par_1_18' title="bbox 200 3699 753 3758">
     <span class='ocr_line' id='line_1_42' title="bbox 200 3699 753 3758; baseline 0.002 -2"><span class='ocrx_word' id='word_1_312' title='bbox 200 3699 328 3756; x_wconf 83' lang='lat' dir='ltr'><strong>Dicatur</strong></span> <span class='ocrx_word' id='word_1_313' title='bbox 340 3719 420 3758; x_wconf 81' lang='lat' dir='ltr'><strong>auno</strong></span> <span class='ocrx_word' id='word_1_314' title='bbox 433 3699 580 3757; x_wconf 89' lang='lat' dir='ltr'><strong>Dominus</strong></span> <span class='ocrx_word' id='word_1_315' title='bbox 593 3699 753 3758; x_wconf 87' lang='lat' dir='ltr'><strong>vobiscum.</strong></span> 
     </span>
    </p>

    <p class='ocr_par' dir='ltr' id='par_1_19' title="bbox 204 3779 311 3840">
     <span class='ocr_line' id='line_1_43' title="bbox 204 3779 311 3840; baseline 0.019 -2"><span class='ocrx_word' id='word_1_316' title='bbox 204 3779 311 3840; x_wconf 86' lang='lat' dir='ltr'><strong>Oratio.</strong></span> 
     </span>
    </p>

    <p class='ocr_par' dir='ltr' id='par_1_20' title="bbox 139 3859 1343 4083">
     <span class='ocr_line' id='line_1_44' title="bbox 200 3859 1341 3938; baseline -0.001 -20"><span class='ocrx_word' id='word_1_317' title='bbox 200 3859 291 3934; x_wconf 89' lang='lat' dir='ltr'><strong>Deus,</strong></span> <span class='ocrx_word' id='word_1_318' title='bbox 307 3861 359 3938; x_wconf 93' lang='lat' dir='ltr'><strong>qui</strong></span> <span class='ocrx_word' id='word_1_319' title='bbox 372 3861 468 3920; x_wconf 88' lang='lat' dir='ltr'><strong>tribus</strong></span> <span class='ocrx_word' id='word_1_320' title='bbox 482 3861 580 3938; x_wconf 86' lang='lat' dir='ltr'><strong>pueris</strong></span> <span class='ocrx_word' id='word_1_321' title='bbox 593 3860 739 3938; x_wconf 84' lang='lat' dir='ltr'><strong>mitigasti</strong></span> <span class='ocrx_word' id='word_1_322' title='bbox 751 3860 884 3919; x_wconf 88' lang='lat' dir='ltr'><strong>flammas</strong></span> <span class='ocrx_word' id='word_1_323' title='bbox 897 3861 1012 3938; x_wconf 86' lang='lat' dir='ltr'><strong>ignium</strong></span> <span class='ocrx_word' id='word_1_324' title='bbox 1018 3881 1028 3934; x_wconf 92' lang='lat'>3</span> <span class='ocrx_word' id='word_1_325' title='bbox 1048 3861 1173 3920; x_wconf 89' lang='lat' dir='ltr'><strong>concede</strong></span> <span class='ocrx_word' id='word_1_326' title='bbox 1186 3860 1341 3938; x_wconf 89' lang='lat' dir='ltr'><strong>propitius,</strong></span> 
     </span>
     <span class='ocr_line' id='line_1_45' title="bbox 139 3940 1343 4019; baseline -0.001 -20"><span class='ocrx_word' id='word_1_327' title='bbox 139 3945 175 3999; x_wconf 86' lang='lat' dir='ltr'><strong>ut</strong></span> <span class='ocrx_word' id='word_1_328' title='bbox 187 3940 364 4009; x_wconf 82' lang='lat' dir='ltr'><strong>adveniente</strong></span> <span class='ocrx_word' id='word_1_329' title='bbox 385 3942 500 4019; x_wconf 88' lang='lat' dir='ltr'><strong>Spiritu</strong></span> <span class='ocrx_word' id='word_1_330' title='bbox 521 3943 629 4001; x_wconf 90' lang='lat' dir='ltr'><strong>Sancto</strong></span> <span class='ocrx_word' id='word_1_331' title='bbox 642 3961 696 3999; x_wconf 91' lang='lat' dir='ltr'><strong>nos</strong></span> <span class='ocrx_word' id='word_1_332' title='bbox 709 3941 834 3999; x_wconf 86' lang='lat' dir='ltr'><strong>famulos</strong></span> <span class='ocrx_word' id='word_1_333' title='bbox 853 3948 921 3999; x_wconf 91' lang='lat' dir='ltr'><strong>tuos</strong></span> <span class='ocrx_word' id='word_1_334' title='bbox 937 3962 998 4000; x_wconf 92' lang='lat' dir='ltr'><strong>non</strong></span> <span class='ocrx_word' id='word_1_335' title='bbox 1014 3948 1121 4001; x_wconf 79' lang='lat' dir='ltr'><strong>exurat</strong></span> <span class='ocrx_word' id='word_1_336' title='bbox 1142 3943 1262 4000; x_wconf 84' lang='lat' dir='ltr'><strong>flamma</strong></span> <span class='ocrx_word' id='word_1_337' title='bbox 1274 3941 1343 3999; x_wconf 92' lang='lat' dir='ltr'><strong>viti·</strong></span> 
     </span>
     <span class='ocr_line' id='line_1_46' title="bbox 141 4021 520 4083; baseline 0.008 -3"><span class='ocrx_word' id='word_1_338' title='bbox 141 4041 233 4081; x_wconf 88' lang='lat' dir='ltr'><strong>orum.</strong></span> <span class='ocrx_word' id='word_1_339' title='bbox 277 4023 336 4081; x_wconf 92' lang='lat' dir='ltr'><strong>Per</strong></span> <span class='ocrx_word' id='word_1_340' title='bbox 348 4021 520 4083; x_wconf 91' lang='lat' dir='ltr'><strong>Dominum.</strong></span> 
     </span>
    </p>

    <p class='ocr_par' dir='ltr' id='par_1_21' title="bbox 199 4102 593 4182">
     <span class='ocr_line' id='line_1_47' title="bbox 199 4102 593 4182; baseline 0.003 -22"><span class='ocrx_word' id='word_1_341' title='bbox 199 4102 250 4161; x_wconf 81' lang='lat' dir='ltr'><strong>Ae</strong></span> <span class='ocrx_word' id='word_1_342' title='bbox 262 4102 465 4182; x_wconf 82' lang='lat' dir='ltr'><strong>Romartos(o.</strong></span> <span class='ocrx_word' id='word_1_343' title='bbox 484 4104 559 4181; x_wconf 81' lang='lat'><strong>1-5).</strong></span> <span class='ocrx_word' id='word_1_344' title='bbox 591 4126 593 4134; x_wconf 70' lang='grc'>’</span> 
     </span>
    </p>

    <p class='ocr_par' dir='ltr' id='par_1_22' title="bbox 141 4181 1343 4324">
     <span class='ocr_line' id='line_1_48' title="bbox 200 4181 1343 4261; baseline -0.003 -19"><span class='ocrx_word' id='word_1_345' title='bbox 200 4185 338 4242; x_wconf 81' lang='lat' dir='ltr'><strong>Fratres:</strong></span> <span class='ocrx_word' id='word_1_346' title='bbox 361 4186 383 4243; x_wconf 86' lang='lat' dir='ltr'>J</span> <span class='ocrx_word' id='word_1_347' title='bbox 384 4186 525 4243; x_wconf 86' lang='lat' dir='ltr'><strong>ustificati</strong></span> <span class='ocrx_word' id='word_1_348' title='bbox 538 4204 576 4242; x_wconf 88' lang='lat' dir='ltr'><strong>ex</strong></span> <span class='ocrx_word' id='word_1_349' title='bbox 589 4185 647 4242; x_wconf 93' lang='lat' dir='ltr'><strong>fide</strong></span> <span class='ocrx_word' id='word_1_350' title='bbox 659 4202 748 4259; x_wconf 81' lang='lat' dir='ltr'><strong>iisqne</strong></span> <span class='ocrx_word' id='word_1_351' title='bbox 762 4185 803 4242; x_wconf 84' lang='lat' dir='ltr'><strong>od</strong></span> <span class='ocrx_word' id='word_1_352' title='bbox 815 4203 868 4261; x_wconf 90' lang='lat' dir='ltr'><strong>per</strong></span> <span class='ocrx_word' id='word_1_353' title='bbox 882 4184 1028 4261; x_wconf 89' lang='lat' dir='ltr'><strong>Spiritum</strong></span> <span class='ocrx_word' id='word_1_354' title='bbox 1042 4185 1184 4244; x_wconf 87' lang='lat' dir='ltr'><strong>Sanctum</strong></span> <span class='ocrx_word' id='word_1_355' title='bbox 1194 4181 1247 4258; x_wconf 89' lang='lat' dir='ltr'><strong>qui</strong></span> <span class='ocrx_word' id='word_1_356' title='bbox 1256 4181 1343 4240; x_wconf 90' lang='lat' dir='ltr'><strong>datus</strong></span> 
     </span>
     <span class='ocr_line' id='line_1_49' title="bbox 141 4266 292 4324; baseline 0.007 -2"><span class='ocrx_word' id='word_1_357' title='bbox 141 4270 186 4322; x_wconf 86' lang='lat' dir='ltr'><strong>est</strong></span> <span class='ocrx_word' id='word_1_358' title='bbox 199 4266 292 4324; x_wconf 90' lang='lat' dir='ltr'><strong>nobis.</strong></span> 
     </span>
    </p>

    <p class='ocr_par' dir='ltr' id='par_1_23' title="bbox 143 4343 1345 4505">
     <span class='ocr_line' id='line_1_50' title="bbox 200 4343 1345 4426; baseline -0.002 -22"><span class='ocrx_word' id='word_1_359' title='bbox 200 4347 350 4423; x_wconf 81' lang='lat' dir='ltr'><strong>Alleluya.</strong></span> <span class='ocrx_word' id='word_1_360' title='bbox 400 4346 430 4406; x_wconf 91' lang='lat' dir='ltr'><strong>V.</strong></span> <span class='ocrx_word' id='word_1_361' title='bbox 453 4346 587 4406; x_wconf 88' lang='lat' dir='ltr'><strong>Laudate</strong></span> <span class='ocrx_word' id='word_1_362' title='bbox 608 4346 893 4407; x_wconf 86' lang='lat' dir='ltr'><strong>Dominumomnes</strong></span> <span class='ocrx_word' id='word_1_363' title='bbox 914 4353 1032 4426; x_wconf 83' lang='lat' dir='ltr'><strong>gentes:</strong></span> <span class='ocrx_word' id='word_1_364' title='bbox 1056 4352 1086 4406; x_wconf 92' lang='lat' dir='ltr'><strong>et</strong></span> <span class='ocrx_word' id='word_1_365' title='bbox 1101 4343 1264 4404; x_wconf 86' lang='lat' dir='ltr'><strong>collaudate</strong></span> <span class='ocrx_word' id='word_1_366' title='bbox 1278 4363 1345 4404; x_wconf 91' lang='lat' dir='ltr'><strong>eum</strong></span> 
     </span>
     <span class='ocr_line' id='line_1_51' title="bbox 143 4428 366 4505; baseline 0.009 -21"><span class='ocrx_word' id='word_1_367' title='bbox 143 4445 241 4486; x_wconf 90' lang='lat' dir='ltr'><strong>omnes</strong></span> <span class='ocrx_word' id='word_1_368' title='bbox 255 4428 366 4505; x_wconf 92' lang='lat' dir='ltr'><strong>populi.</strong></span> 
     </span>
    </p>

    <p class='ocr_par' dir='ltr' id='par_1_24' title="bbox 612 4523 638 4566">
     <span class='ocr_line' id='line_1_52' title="bbox 612 4523 638 4566; baseline 0 0"><span class='ocrx_word' id='word_1_369' title='bbox 612 4523 638 4566; x_wconf 78' lang='lat' dir='ltr'><strong>lt</strong></span> 
     </span>
    </p>
   </div>
   <div class='ocr_carea' id='block_1_3' title="bbox 0 0 1470 4986">
    <p class='ocr_par' dir='ltr' id='par_1_25' title="bbox 0 0 1470 4986">
     <span class='ocr_line' id='line_1_53' title="bbox 0 0 1470 4986; baseline 0 0"><span class='ocrx_word' id='word_1_370' title='bbox 0 0 1470 4986; x_wconf 95' lang='lat' dir='ltr'><strong> </strong></span> 
     </span>
    </p>
   </div>
  </div>
 </body>
</html>
