2918 4986
206 354 248 420 84
404 365 407 370 ’
502 350 686 417 Dominica
700 351 743 416 in
757 351 880 417 Ramis
894 353 1107 420 Palmanum.

262 520 382 579 Secreta.

262 601 384 673 Praesta,
403 619 577 676 quaesumus,
600 599 784 676 omnipotens
806 601 895 673 Deua,
918 607 955 658 ut
970 601 1144 677 jejuniorun
1165 603 1301 679 placatus
1323 607 1410 665 sacri-

202 683 275 739 ficiis
289 681 480 758 indulgentiae
494 699 547 738 nos
562 699 682 738 munere
695 682 887 758 prosequaris
930 681 990 740 Per
1004 683 1175 741 Dominum.

264 761 443 822 Omanaunio.

262 842 311 901 Ne
324 843 480 900 tradideris
494 860 548 899 me.
634 910 637 916 Δ

260 923 502 982 Poatcommunia

259 1005 365 1063 Divini
377 1004 507 1061 muneris
521 1002 622 1060 satiati
635 1003 771 1080 largitate
792 1023 968 1080 quaesumus
985 1004 1114 1063 Domine
1130 1005 1212 1064 Deus
1227 1015 1333 1067 noster
1341 1030 1350 1082 ς
1370 1017 1404 1067 ut

198 1087 286 1162 hujus
299 1105 414 1161 semper
427 1084 655 1160 participatione
668 1085 811 1141 vivamus.
854 1084 913 1142 Per
927 1085 1097 1143 Dominum.

259 1166 354 1242 Super
374 1165 530 1240 Populum.

257 1248 396 1320 Tueatur,
406 1264 580 1322 quaesumus,
590 1244 727 1316 Domine,
739 1245 862 1303 dextera
869 1251 924 1303 tua
931 1247 1075 1322 populum
1086 1253 1172 1305 tuum
1181 1248 1401 1325 deprecantem

197 1335 227 1387 et
240 1329 429 1405 purificatum
442 1327 599 1403 dignanter
612 1327 737 1398 erudiat,
751 1333 785 1383 ut
795 1327 994 1384 consolatione
1007 1329 1146 1404 praesenti
1159 1329 1306 1402 foveatur,
1322 1340 1353 1391 et
1366 1335 1401 1391 ad
1416 1395 1418 1399 ,

196 1411 297 1467 futura
310 1410 388 1466 bona
400 1408 543 1485 proficiat.
589 1407 648 1464 Per
662 1407 833 1465 Dominum

524 1538 686 1595 Dournrca
707 1554 740 1594 in
760 1537 864 1595 Rama
888 1537 1073 1597 Panuaanu.

254 1654 324 1711 Post
336 1651 466 1710 Tertiam
469 1653 529 1725 Jiat
537 1669 616 1724 equa
624 1649 776 1718 benedicta,
791 1658 817 1707 et
830 1660 1001 1726 aspernatur
1015 1651 1050 1708 ab
1065 1651 1102 1708 H
1100 1651 1315 1713 ebdomadario.

254 1733 392 1814 [Pulsata
418 1732 459 1789 ad
484 1731 614 1788 Tertiam
634 1739 660 1787 et
685 1732 726 1788 ad
749 1732 966 1805 processionem,
992 1741 1059 1789 ante
1084 1732 1274 1807 inceptionem
1299 1736 1398 1809 Hane,

192 1817 375 1875 benedicatur
388 1833 474 1887 aqua,
491 1821 516 1869 et
530 1820 703 1886 aspernatur
716 1811 751 1868 ab
766 1812 1119 1871 Hebdomadanio.—MS.
1137 1811 1189 1894 D.]

252 1898 322 1954 Post
336 1893 526 1969 aspersionem
540 1901 565 1949 et
577 1891 750 1963 Orationem,
762 1889 1133 1967 *emmerammum*
1144 1894 1178 1950 in
1191 1894 1399 1972 Supenpellicic

190 1979 263 2053 bepm
290 1977 325 2033 in
354 1975 448 2032 medio
480 1982 547 2030 ante
577 1973 705 2046 quadum
737 1972 850 2030 Altaria
872 1993 962 2049 prope
991 1973 1126 2048 Cleonem,
1159 1977 1200 2033 ad
1232 1979 1398 2052 aquilonem

190 2077 348 2127 conannas,
371 2054 535 2112 Lectionem
557 2052 707 2130 paroemiam
736 2054 820 2112 titulo
855 2051 901 2134 [in
927 2055 1046 2122 modum
1078 2077 1134 2131 quo
1161 2056 1229 2114 aliae
1252 2059 1399 2119 Lectiones

189 2141 330 2214 leputatur.
397 2135 439 2192 llt
458 2134 577 2191 interim
599 2134 672 2191 dum
696 2132 793 2191 Lectio
816 2135 928 2209 imitus,
956 2136 1213 2194 Hebdomadmius
1241 2159 1309 2197 cum
1336 2142 1398 2199 suia

188 2218 339 2276 Ministnis
366 2215 499 2274 omnibns
525 2215 559 2271 in
585 2212 669 2271 Albis
692 2223 808 2272 tantum
835 2216 957 2288 inclutis,
983 2218 1077 2275 sedeat
1104 2239 1138 2276 eac
1158 2227 1246 2294 panta
1271 2223 1398 2280 australi

187 2299 295 2359 samsai
319 2296 434 2354 Altaria
462 2295 530 2353 locis
554 2295 611 2353 sibi
633 2296 786 2370 deputatis.
842 2296 883 2354 Et
904 2297 1059 2370 Praelatus,
1089 2298 1116 2356 si
1138 2305 1268 2374 presens
1287 2302 1394 2376 suerit,

184 2391 264 2440 eneat
286 2381 320 2437 in
341 2377 519 2448 vestiarium,
542 2385 568 2433 et
589 2375 698 2432 induat
720 2397 747 2433 se
769 2376 851 2435 Stolo
873 2387 899 2435 et
918 2377 1002 2454 Capu
1022 2380 1113 2437 serica
1133 2381 1200 2437 albu
1219 2383 1261 2439 acl
1277 2384 1397 2458 palmas

185 2460 395 2530 benedicendas,
415 2467 442 2516 et
459 2457 556 2515 ueniat
574 2466 600 2514 et
622 2457 771 2527 sedeatin
793 2458 850 2516 mco
872 2458 927 2516 sibi
950 2461 1092 2535 deputato.
1150 2459 1191 2517 Et
1217 2462 1244 2518 si
1267 2484 1397 2538 precem

184 2564 244 2602 non
266 2541 373 2617 fuerit,
398 2548 467 2597 tunc
489 2538 625 2596 Decanus
646 2538 691 2595 ael
710 2538 804 2616 senior
823 2537 988 2598 Canonicus
1012 2541 1108 2598 eodem
1132 2543 1217 2600 neoda
1243 2552 1270 2600 et
1290 2545 1396 2619 soram

185 2624 303 2683 vestitus
340 2621 444 2693 ueniat,
483 2628 508 2677 et
542 2620 637 2678 sedeat
671 2619 706 2676 in
744 2619 879 2677 catlaedna
912 2620 1005 2695 juata
1037 2622 1139 2694 altnae,
1173 2642 1265 2698 usque
1299 2625 1396 2684 Lectio

180 2702 428 2780 finianum—MS.
456 2697 509 2780 D.]

245 2785 340 2844 Lectio
355 2783 422 2841 libai
434 2781 534 2839 Laodi
547 2779 609 2857 (aa.
627 2781 674 2852 27,
689 2781 744 2838 uui.
769 2781 865 2859 1-10.)

246 2869 285 2926 In
307 2865 410 2923 diebus
433 2863 502 2936 illis,
528 2862 686 2919 Venerunt
708 2862 763 2918 filii
787 2862 888 2934 Israel,
912 2863 944 2919 in
970 2863 1082 2936 Helim,
1108 2865 1161 2922 ubi
1184 2874 1271 2925 erant
1299 2869 1394 2928 fontes

183 2968 327 3026 aquarum
355 2945 509 3003 duodecim
546 2949 577 3000 et
609 2943 798 3019 septuaginta
823 2944 927 3020 palmae
961 2965 1052 3019 usqaae
1081 2947 1122 3004 ad
1148 2955 1178 3005 et
1207 2968 1273 3006 ecce
1299 2951 1393 3028 gloria

183 3030 306 3088 Domini
326 3026 467 3104 apparuit
488 3025 521 3083 in
544 3025 630 3081 nube.
890 3023 893 3030 ’

242 3111 356 3169 Deinde
379 3108 540 3183 Diaconus,
559 3114 674 3180 accepta
694 3104 884 3163 benedictione
897 3124 917 3162 a
930 3105 1059 3165 Praelato
1083 3106 1141 3187 [vel
1160 3109 1286 3185 Decano,
1305 3133 1355 3170 seu
1375 3134 1393 3169 a

182 3194 289 3251 seniore
305 3190 461 3258 Canonieo,
477 3196 503 3244 et
524 3187 649 3261 sumptis
663 3186 814 3243 Ministris
822 3187 1021 3262 processionis,
1038 3188 1103 3247 MS.
1121 3188 1174 3270 D.]
1193 3191 1228 3248 in
1242 3213 1273 3250 eo
1287 3193 1346 3252 loco
1360 3195 1393 3251 ia

121 3275 129 3286 ''
182 3295 238 3348 quo
253 3273 396 3346 leqebatun
411 3268 516 3338 Lectio,
534 3267 609 3341 leym
623 3267 824 3340 Enauyelium.

242 3353 411 3411 Secundum
424 3348 594 3406 Jolmnuem
608 3347 677 3425 (aii.
696 3347 812 3424 12-19).

243 3434 283 3491 In
296 3433 348 3489 illo
362 3437 502 3505 tempore,
518 3428 619 3484 Turba
632 3428 735 3500 multa,
748 3448 813 3504 quae
828 3435 1007 3488 convenerat
1021 3431 1059 3488 ad
1077 3432 1154 3491 diem
1168 3434 1287 3509 festum,
1304 3455 1391 3512 usque

184 3516 224 3574 ael
244 3515 319 3571 Ecce
333 3512 462 3569 mundus
476 3515 557 3566 totus
571 3515 638 3584 post
652 3528 720 3565 eum
734 3509 816 3566 abiit.

243 3596 382 3668 Lectaque
404 3588 572 3664 Euanyelio,
600 3589 707 3646 Teates
728 3587 902 3670 [Eaanqelii
919 3591 983 3649 Ma.
1002 3590 1054 3674 D.]
1076 3594 1207 3654 Praelato
1225 3608 1345 3673 apertus
1360 3595 1390 3678 [a

182 3677 323 3747 Diacono,
340 3673 404 3730 MS.
421 3669 473 3751 D.]
489 3668 640 3745 deferatur
658 3672 699 3728 ad
715 3672 926 3731 osculandum:
948 3672 1095 3733 Canonico
1112 3696 1187 3749 oeno,
1202 3679 1230 3734 ai
1243 3679 1393 3737 Praelatus

183 3776 243 3816 non
263 3755 389 3829 affuerit,
413 3753 483 3810 liber
506 3751 669 3826 Euanqelii.
728 3749 782 3830 [In
805 3752 875 3809 aliia
898 3773 962 3811 oeno
987 3754 1055 3812 locis
1079 3766 1160 3814 entra
1187 3756 1390 3818 Catlaeclralem

184 3838 350 3908 Ecclesiam,
386 3834 497 3910 desseret
531 3831 683 3891 Diaconos
721 3833 830 3890 librum
862 3834 1018 3893 Eaecutori
1053 3837 1147 3911 Officii
1182 3840 1224 3896 ad
1258 3841 1389 3911 osculan-

185 3917 373 3979 dum—MS.
391 3917 428 3973 D.

245 4002 349 4059 Postea
359 3913 565 4056 benedicantur
573 3994 682 4070 palam
692 4015 712 4051 a
721 3995 849 4053 Preme
866 3993 921 4075 [ael
933 4017 952 4053 a
962 3998 1088 4070 Decano,
1099 3998 1144 4056 cel
1155 4020 1175 4056 a
1187 3998 1345 4074 (laconico,
1356 4012 1389 4059 ut

183 4082 385 4160 supradictum
404 4087 450 4148 est,
467 4076 531 4134 MS.
552 4076 588 4133 D.
626 4077 661 4132 in
682 4076 739 4133 loco
760 4076 812 4134 ubi
832 4075 928 4135 Lectio
950 4088 975 4136 et
996 4078 1192 4154 annqelium
1213 4082 1388 4157 legebantur,

183 4164 236 4246 [aab
256 4163 421 4238 aquilonem
436 4177 574 4229 conuerso,
628 4157 656 4214 S.
670 4155 722 4236 D.]
738 4157 790 4215 laoc
803 4159 906 4218 modo:

243 4244 391 4303 Dominus
405 4240 564 4298 vobiscum.
608 4237 649 4294 Et
664 4257 731 4296 cum
745 4237 852 4314 spiritu
866 4245 927 4297 tuo.

243 4326 433 4482 gibbzlcujus
448 4403 543 4462 Filius
565 4419 619 4478 pro
640 4399 736 4458 salute
756 4401 871 4477 generis
891 4401 1016 4461 humani
1036 4404 1072 4462 de
1090 4405 1158 4464 caelo
1180 4405 1332 4465 descendit
1352 4406 1387 4464 ad

564 4505 577 4530 ¹
596 4501 751 4552 Cancellara'us
763 4503 959 4552 Ecclesia-MS.
972 4507 1000 4552 E.
