<?xml version="1.0" encoding="UTF-8"?>
<!DOCTYPE html PUBLIC "-//W3C//DTD XHTML 1.0 Transitional//EN"
    "http://www.w3.org/TR/xhtml1/DTD/xhtml1-transitional.dtd">
<html xmlns="http://www.w3.org/1999/xhtml" xml:lang="en" lang="en">
 <head>
  <title>
</title>
<meta http-equiv="Content-Type" content="text/html;charset=utf-8" />
  <meta name='ocr-system' content='tesseract 3.04.00' />
  <meta name='ocr-capabilities' content='ocr_page ocr_carea ocr_par ocr_line ocrx_word'/>
</head>
<body>
  <div class='ocr_page' id='page_1' title='image "./missaleadusumin03churgoog_0052.png"; bbox 0 0 2886 4994; ppageno 0'>
   <div class='ocr_carea' id='block_1_1' title="bbox 650 352 1324 437">
    <p class='ocr_par' dir='ltr' id='par_1_1' title="bbox 650 352 1324 437">
     <span class='ocr_line' id='line_1_1' title="bbox 650 352 1324 437; baseline -0.001 -21"><span class='ocrx_word' id='word_1_1' title='bbox 650 352 789 437; x_wconf 67' lang='lat' dir='ltr'>Repulit.</span> <span class='ocrx_word' id='word_1_2' title='bbox 1238 354 1324 416; x_wconf 82' lang='lat' dir='ltr'>xlvii</span> 
     </span>
    </p>
   </div>
   <div class='ocr_carea' id='block_1_2' title="bbox 115 519 1354 4319">
    <p class='ocr_par' dir='ltr' id='par_1_2' title="bbox 115 519 1325 758">
     <span class='ocr_line' id='line_1_2' title="bbox 117 519 1324 595; baseline -0.002 -17"><span class='ocrx_word' id='word_1_3' title='bbox 117 521 263 578; x_wconf 85' lang='lat' dir='ltr'>Eoolesiae.</span> <span class='ocrx_word' id='word_1_4' title='bbox 308 520 418 577; x_wconf 81' lang='lat' dir='ltr'>Oratio.</span> <span class='ocrx_word' id='word_1_5' title='bbox 463 519 596 578; x_wconf 76' lang='lat' dir='ltr'>Ecclesia</span> <span class='ocrx_word' id='word_1_6' title='bbox 619 530 696 589; x_wconf 44' lang='lat' dir='ltr'>turim</span> <span class='ocrx_word' id='word_1_7' title='bbox 726 519 773 577; x_wconf 84' lang='lat' dir='ltr'>vel</span> <span class='ocrx_word' id='word_1_8' title='bbox 795 520 895 594; x_wconf 85' lang='lat' dir='ltr'>aliqua</span> <span class='ocrx_word' id='word_1_9' title='bbox 908 519 967 576; x_wconf 84' lang='lat' dir='ltr'>alia</span> <span class='ocrx_word' id='word_1_10' title='bbox 981 539 1071 595; x_wconf 90' lang='lat' dir='ltr'>quam</span> <span class='ocrx_word' id='word_1_11' title='bbox 1092 519 1261 576; x_wconf 77' lang='lat' dir='ltr'>Proocentor</span> <span class='ocrx_word' id='word_1_12' title='bbox 1277 520 1324 576; x_wconf 93' lang='lat' dir='ltr'>vel</span> 
     </span>
     <span class='ocr_line' id='line_1_3' title="bbox 115 600 1325 677; baseline -0.002 -18"><span class='ocrx_word' id='word_1_13' title='bbox 115 603 281 659; x_wconf 82' lang='lat' dir='ltr'>Succentor</span> <span class='ocrx_word' id='word_1_14' title='bbox 294 601 486 677; x_wconf 76' lang='lat' dir='ltr'>assignaverit</span> <span class='ocrx_word' id='word_1_15' title='bbox 500 600 660 658; x_wconf 80' lang='lat' dir='ltr'>dicendam.</span> <span class='ocrx_word' id='word_1_16' title='bbox 706 600 818 657; x_wconf 84' lang='lat' dir='ltr'>Eodem</span> <span class='ocrx_word' id='word_1_17' title='bbox 832 600 920 656; x_wconf 88' lang='lat' dir='ltr'>modo</span> <span class='ocrx_word' id='word_1_18' title='bbox 940 601 1079 658; x_wconf 84' lang='lat' dir='ltr'>dicantur</span> <span class='ocrx_word' id='word_1_19' title='bbox 1099 601 1325 657; x_wconf 71' lang='lat' dir='ltr'>memor-stiones</span> 
     </span>
     <span class='ocr_line' id='line_1_4' title="bbox 115 681 638 758; baseline -0.006 -18"><span class='ocrx_word' id='word_1_20' title='bbox 115 683 186 740; x_wconf 83' lang='lat' dir='ltr'>aliis</span> <span class='ocrx_word' id='word_1_21' title='bbox 203 681 369 739; x_wconf 85' lang='lat' dir='ltr'>Dominicis</span> <span class='ocrx_word' id='word_1_22' title='bbox 386 701 439 758; x_wconf 90' lang='lat' dir='ltr'>per</span> <span class='ocrx_word' id='word_1_23' title='bbox 455 682 638 738; x_wconf 78' lang='lat' dir='ltr'>Adventum.</span> 
     </span>
    </p>

    <p class='ocr_par' dir='ltr' id='par_1_3' title="bbox 119 761 1326 919">
     <span class='ocr_line' id='line_1_5' title="bbox 179 761 1326 839; baseline -0.002 -19"><span class='ocrx_word' id='word_1_24' title='bbox 179 763 284 820; x_wconf 84' lang='lat' dir='ltr'>Lectio</span> <span class='ocrx_word' id='word_1_25' title='bbox 302 762 444 839; x_wconf 82' lang='lat' dir='ltr'>Epistulae</span> <span class='ocrx_word' id='word_1_26' title='bbox 462 763 541 819; x_wconf 89' lang='lat' dir='ltr'>beati</span> <span class='ocrx_word' id='word_1_27' title='bbox 560 762 655 819; x_wconf 90' lang='lat' dir='ltr'>Pauli.</span> <span class='ocrx_word' id='word_1_28' title='bbox 709 762 760 818; x_wconf 89' lang='lat' dir='ltr'>Ad</span> <span class='ocrx_word' id='word_1_29' title='bbox 778 762 928 818; x_wconf 83' lang='lat' dir='ltr'>Romanos</span> <span class='ocrx_word' id='word_1_30' title='bbox 948 762 1010 819; x_wconf 84' lang='lat' dir='ltr'>xiii.</span> <span class='ocrx_word' id='word_1_31' title='bbox 1035 761 1176 821; x_wconf 71' lang='lat' dir='ltr'>Fratres:</span> <span class='ocrx_word' id='word_1_32' title='bbox 1201 762 1326 819; x_wconf 75' lang='lat' dir='ltr'>b‘cieates</span> 
     </span>
     <span class='ocr_line' id='line_1_6' title="bbox 119 843 537 919; baseline -0.002 -18"><span class='ocrx_word' id='word_1_33' title='bbox 119 845 193 919; x_wconf 79' lang='lat' dir='ltr'>quio</span> <span class='ocrx_word' id='word_1_34' title='bbox 215 843 288 901; x_wconf 77' lang='lat' dir='ltr'>bora</span> <span class='ocrx_word' id='word_1_35' title='bbox 309 853 357 917; x_wconf 80' lang='lat' dir='ltr'>est,</span> <span class='ocrx_word' id='word_1_36' title='bbox 382 849 412 900; x_wconf 89' lang='lat' dir='ltr'>et</span> <span class='ocrx_word' id='word_1_37' title='bbox 434 848 537 900; x_wconf 87' lang='lat' dir='ltr'>cetera.</span> 
     </span>
    </p>

    <p class='ocr_par' dir='ltr' id='par_1_4' title="bbox 116 923 1329 1885">
     <span class='ocr_line' id='line_1_7' title="bbox 180 923 1327 1000; baseline -0.001 -18"><span class='ocrx_word' id='word_1_38' title='bbox 180 924 315 982; x_wconf 80' lang='lat' dir='ltr'>Gradale.</span> <span class='ocrx_word' id='word_1_39' title='bbox 365 923 564 998; x_wconf 75' lang='lat' dir='ltr'>Uarioersiqui</span> <span class='ocrx_word' id='word_1_40' title='bbox 579 933 612 995; x_wconf 76' lang='lat' dir='ltr'>te,</span> <span class='ocrx_word' id='word_1_41' title='bbox 630 930 661 981; x_wconf 94' lang='lat' dir='ltr'>et</span> <span class='ocrx_word' id='word_1_42' title='bbox 681 929 783 980; x_wconf 84' lang='lat' dir='ltr'>cetera.</span> <span class='ocrx_word' id='word_1_43' title='bbox 828 924 942 980; x_wconf 77' lang='lat' dir='ltr'>Chorus</span> <span class='ocrx_word' id='word_1_44' title='bbox 964 925 1042 981; x_wconf 91' lang='lat' dir='ltr'>idem</span> <span class='ocrx_word' id='word_1_45' title='bbox 1066 924 1152 995; x_wconf 88' lang='lat' dir='ltr'>dicat,</span> <span class='ocrx_word' id='word_1_46' title='bbox 1177 931 1207 981; x_wconf 89' lang='lat' dir='ltr'>et</span> <span class='ocrx_word' id='word_1_47' title='bbox 1231 945 1327 1000; x_wconf 85' lang='lat' dir='ltr'>prose-</span> 
     </span>
     <span class='ocr_line' id='line_1_8' title="bbox 116 1005 1325 1083; baseline -0.001 -20"><span class='ocrx_word' id='word_1_48' title='bbox 116 1012 231 1083; x_wconf 86' lang='lat' dir='ltr'>quatur</span> <span class='ocrx_word' id='word_1_49' title='bbox 244 1011 342 1063; x_wconf 88' lang='lat' dir='ltr'>totum</span> <span class='ocrx_word' id='word_1_50' title='bbox 356 1005 492 1077; x_wconf 80' lang='lat' dir='ltr'>Gradale,</span> <span class='ocrx_word' id='word_1_51' title='bbox 509 1005 588 1080; x_wconf 91' lang='lat' dir='ltr'>quod</span> <span class='ocrx_word' id='word_1_52' title='bbox 610 1024 662 1080; x_wconf 90' lang='lat' dir='ltr'>per</span> <span class='ocrx_word' id='word_1_53' title='bbox 681 1010 780 1061; x_wconf 90' lang='lat' dir='ltr'>totum</span> <span class='ocrx_word' id='word_1_54' title='bbox 801 1025 914 1061; x_wconf 88' lang='lat' dir='ltr'>annum</span> <span class='ocrx_word' id='word_1_55' title='bbox 937 1006 1109 1062; x_wconf 80' lang='lat' dir='ltr'>observetur</span> <span class='ocrx_word' id='word_1_56' title='bbox 1131 1005 1169 1062; x_wconf 88' lang='lat' dir='ltr'>ad</span> <span class='ocrx_word' id='word_1_57' title='bbox 1192 1006 1325 1076; x_wconf 86' lang='lat' dir='ltr'>Missam,</span> 
     </span>
     <span class='ocr_line' id='line_1_9' title="bbox 119 1085 1323 1162; baseline -0.001 -18"><span class='ocrx_word' id='word_1_58' title='bbox 119 1089 157 1144; x_wconf 90' lang='lat' dir='ltr'>de</span> <span class='ocrx_word' id='word_1_59' title='bbox 171 1105 346 1162; x_wconf 87' lang='lat' dir='ltr'>quocunque</span> <span class='ocrx_word' id='word_1_60' title='bbox 360 1087 395 1143; x_wconf 87' lang='lat' dir='ltr'>fit</span> <span class='ocrx_word' id='word_1_61' title='bbox 410 1085 578 1143; x_wconf 82' lang='lat' dir='ltr'>Servitium.</span> <span class='ocrx_word' id='word_1_62' title='bbox 622 1085 755 1142; x_wconf 83' lang='lat' dir='ltr'>Gradale.</span> <span class='ocrx_word' id='word_1_63' title='bbox 806 1085 940 1142; x_wconf 77' lang='lat' dir='ltr'>Univerea‘</span> <span class='ocrx_word' id='word_1_64' title='bbox 960 1085 1013 1159; x_wconf 80' lang='lat' dir='ltr'>qui</span> <span class='ocrx_word' id='word_1_65' title='bbox 1034 1095 1067 1157; x_wconf 79' lang='lat' dir='ltr'>te,</span> <span class='ocrx_word' id='word_1_66' title='bbox 1084 1093 1115 1142; x_wconf 88' lang='lat' dir='ltr'>et</span> <span class='ocrx_word' id='word_1_67' title='bbox 1135 1092 1238 1143; x_wconf 86' lang='lat' dir='ltr'>cetera.</span> <span class='ocrx_word' id='word_1_68' title='bbox 1285 1086 1323 1143; x_wconf 88' lang='lat' dir='ltr'>V.</span> 
     </span>
     <span class='ocr_line' id='line_1_10' title="bbox 128 1166 1327 1243; baseline -0.002 -18"><span class='ocrx_word' id='word_1_69' title='bbox 128 1168 197 1226; x_wconf 80' lang='lat' dir='ltr'>Viae</span> <span class='ocrx_word' id='word_1_70' title='bbox 211 1177 287 1240; x_wconf 81' lang='lat' dir='ltr'>tuos,</span> <span class='ocrx_word' id='word_1_71' title='bbox 302 1173 332 1224; x_wconf 86' lang='lat' dir='ltr'>et</span> <span class='ocrx_word' id='word_1_72' title='bbox 346 1174 449 1224; x_wconf 84' lang='lat' dir='ltr'>cetera</span> <span class='ocrx_word' id='word_1_73' title='bbox 493 1167 660 1241; x_wconf 84' lang='lat' dir='ltr'>Repetatur</span> <span class='ocrx_word' id='word_1_74' title='bbox 677 1166 803 1222; x_wconf 84' lang='lat' dir='ltr'>Gradale</span> <span class='ocrx_word' id='word_1_75' title='bbox 817 1173 882 1240; x_wconf 82' lang='lat' dir='ltr'>post</span> <span class='ocrx_word' id='word_1_76' title='bbox 898 1166 1046 1239; x_wconf 77' lang='lat' dir='ltr'>Versum3</span> <span class='ocrx_word' id='word_1_77' title='bbox 1071 1168 1149 1242; x_wconf 93' lang='lat' dir='ltr'>quod</span> <span class='ocrx_word' id='word_1_78' title='bbox 1164 1187 1217 1243; x_wconf 90' lang='lat' dir='ltr'>per</span> <span class='ocrx_word' id='word_1_79' title='bbox 1229 1173 1327 1224; x_wconf 87' lang='lat' dir='ltr'>totum</span> 
     </span>
     <span class='ocr_line' id='line_1_11' title="bbox 122 1247 1325 1323; baseline -0.002 -17"><span class='ocrx_word' id='word_1_80' title='bbox 122 1269 234 1306; x_wconf 89' lang='lat' dir='ltr'>annum</span> <span class='ocrx_word' id='word_1_81' title='bbox 268 1249 441 1304; x_wconf 86' lang='lat' dir='ltr'>observetur</span> <span class='ocrx_word' id='word_1_82' title='bbox 467 1247 499 1303; x_wconf 93' lang='lat' dir='ltr'>in</span> <span class='ocrx_word' id='word_1_83' title='bbox 528 1248 610 1303; x_wconf 90' lang='lat' dir='ltr'>omni</span> <span class='ocrx_word' id='word_1_84' title='bbox 642 1247 770 1303; x_wconf 85' lang='lat' dir='ltr'>Servitio</span> <span class='ocrx_word' id='word_1_85' title='bbox 804 1247 925 1322; x_wconf 86' lang='lat' dir='ltr'>Duplici</span> <span class='ocrx_word' id='word_1_86' title='bbox 958 1248 1019 1303; x_wconf 89' lang='lat' dir='ltr'>sive</span> <span class='ocrx_word' id='word_1_87' title='bbox 1052 1248 1186 1323; x_wconf 82' lang='lat' dir='ltr'>Simplici</span> <span class='ocrx_word' id='word_1_88' title='bbox 1220 1268 1325 1304; x_wconf 91' lang='lat' dir='ltr'>novem</span> 
     </span>
     <span class='ocr_line' id='line_1_12' title="bbox 123 1327 1326 1403; baseline -0.002 -16"><span class='ocrx_word' id='word_1_89' title='bbox 123 1329 308 1402; x_wconf 88' lang='lat' dir='ltr'>Lectionum,</span> <span class='ocrx_word' id='word_1_90' title='bbox 333 1328 416 1386; x_wconf 87' lang='lat' dir='ltr'>etin</span> <span class='ocrx_word' id='word_1_91' title='bbox 441 1328 535 1385; x_wconf 79' lang='lat' dir='ltr'>Fastis</span> <span class='ocrx_word' id='word_1_92' title='bbox 554 1348 619 1403; x_wconf 87' lang='lat' dir='ltr'>quae</span> <span class='ocrx_word' id='word_1_93' title='bbox 634 1347 686 1402; x_wconf 91' lang='lat' dir='ltr'>pro</span> <span class='ocrx_word' id='word_1_94' title='bbox 714 1327 810 1383; x_wconf 86' lang='lat' dir='ltr'>Festis</span> <span class='ocrx_word' id='word_1_95' title='bbox 834 1347 941 1384; x_wconf 90' lang='lat' dir='ltr'>novem</span> <span class='ocrx_word' id='word_1_96' title='bbox 969 1327 1146 1386; x_wconf 87' lang='lat' dir='ltr'>Lectionum</span> <span class='ocrx_word' id='word_1_97' title='bbox 1168 1328 1326 1398; x_wconf 80' lang='lat' dir='ltr'>habentur,</span> 
     </span>
     <span class='ocr_line' id='line_1_13' title="bbox 123 1407 1328 1484; baseline -0.001 -17"><span class='ocrx_word' id='word_1_98' title='bbox 123 1417 185 1467; x_wconf 87' lang='lat' dir='ltr'>tam</span> <span class='ocrx_word' id='word_1_99' title='bbox 199 1410 236 1466; x_wconf 91' lang='lat' dir='ltr'>de</span> <span class='ocrx_word' id='word_1_100' title='bbox 250 1409 417 1484; x_wconf 89' lang='lat' dir='ltr'>Temporali</span> <span class='ocrx_word' id='word_1_101' title='bbox 430 1429 518 1484; x_wconf 90' lang='lat' dir='ltr'>quam</span> <span class='ocrx_word' id='word_1_102' title='bbox 532 1409 568 1465; x_wconf 89' lang='lat' dir='ltr'>de</span> <span class='ocrx_word' id='word_1_103' title='bbox 583 1408 678 1465; x_wconf 77' lang='lat' dir='ltr'>Testis</span> <span class='ocrx_word' id='word_1_104' title='bbox 693 1407 877 1479; x_wconf 82' lang='lat' dir='ltr'>Sanctorum,</span> <span class='ocrx_word' id='word_1_105' title='bbox 893 1414 923 1464; x_wconf 90' lang='lat' dir='ltr'>et</span> <span class='ocrx_word' id='word_1_106' title='bbox 942 1413 1026 1465; x_wconf 84' lang='lat' dir='ltr'>sexta</span> <span class='ocrx_word' id='word_1_107' title='bbox 1047 1409 1096 1465; x_wconf 89' lang='lat' dir='ltr'>die</span> <span class='ocrx_word' id='word_1_108' title='bbox 1118 1428 1136 1465; x_wconf 98' lang='lat' dir='ltr'>a</span> <span class='ocrx_word' id='word_1_109' title='bbox 1157 1408 1328 1467; x_wconf 86' lang='lat' dir='ltr'>Nativitate</span> 
     </span>
     <span class='ocr_line' id='line_1_14' title="bbox 125 1489 1328 1566; baseline -0.001 -19"><span class='ocrx_word' id='word_1_110' title='bbox 125 1491 256 1562; x_wconf 91' lang='lat' dir='ltr'>Domini,</span> <span class='ocrx_word' id='word_1_111' title='bbox 282 1509 457 1566; x_wconf 89' lang='lat' dir='ltr'>quocunque</span> <span class='ocrx_word' id='word_1_112' title='bbox 482 1489 529 1546; x_wconf 91' lang='lat' dir='ltr'>die</span> <span class='ocrx_word' id='word_1_113' title='bbox 552 1490 715 1564; x_wconf 84' lang='lat' dir='ltr'>contigerit,</span> <span class='ocrx_word' id='word_1_114' title='bbox 739 1508 773 1545; x_wconf 89' lang='lat' dir='ltr'>ac</span> <span class='ocrx_word' id='word_1_115' title='bbox 801 1489 890 1545; x_wconf 90' lang='lat' dir='ltr'>etiam</span> <span class='ocrx_word' id='word_1_116' title='bbox 918 1489 951 1544; x_wconf 96' lang='lat' dir='ltr'>in</span> <span class='ocrx_word' id='word_1_117' title='bbox 974 1489 1056 1544; x_wconf 89' lang='lat' dir='ltr'>omui</span> <span class='ocrx_word' id='word_1_118' title='bbox 1084 1489 1211 1546; x_wconf 86' lang='lat' dir='ltr'>Servitio</span> <span class='ocrx_word' id='word_1_119' title='bbox 1235 1491 1328 1546; x_wconf 88' lang='lat' dir='ltr'>trium</span> 
     </span>
     <span class='ocr_line' id='line_1_15' title="bbox 126 1569 1324 1647; baseline -0.003 -17"><span class='ocrx_word' id='word_1_120' title='bbox 126 1572 308 1643; x_wconf 83' lang='lat' dir='ltr'>Lectionum,</span> <span class='ocrx_word' id='word_1_121' title='bbox 328 1571 446 1647; x_wconf 87' lang='lat' dir='ltr'>quando</span> <span class='ocrx_word' id='word_1_122' title='bbox 466 1590 526 1626; x_wconf 86' lang='lat' dir='ltr'>non</span> <span class='ocrx_word' id='word_1_123' title='bbox 547 1571 680 1646; x_wconf 83' lang='lat' dir='ltr'>sequitur</span> <span class='ocrx_word' id='word_1_124' title='bbox 698 1569 842 1644; x_wconf 72' lang='lat' dir='ltr'>Alleluyu,</span> <span class='ocrx_word' id='word_1_125' title='bbox 857 1589 953 1645; x_wconf 85' lang='lat' dir='ltr'>noque</span> <span class='ocrx_word' id='word_1_126' title='bbox 967 1569 1091 1626; x_wconf 81' lang='lat' dir='ltr'>Tractus</span> <span class='ocrx_word' id='word_1_127' title='bbox 1109 1576 1176 1646; x_wconf 83' lang='lat' dir='ltr'>post</span> <span class='ocrx_word' id='word_1_128' title='bbox 1190 1570 1324 1627; x_wconf 81' lang='lat' dir='ltr'>Gradale.</span> 
     </span>
     <span class='ocr_line' id='line_1_16' title="bbox 128 1650 1329 1728; baseline -0.002 -17"><span class='ocrx_word' id='word_1_129' title='bbox 128 1653 241 1711; x_wconf 75' lang='lat' dir='ltr'>Deinde</span> <span class='ocrx_word' id='word_1_130' title='bbox 263 1658 404 1728; x_wconf 85' lang='lat' dir='ltr'>sequatur</span> <span class='ocrx_word' id='word_1_131' title='bbox 425 1651 560 1725; x_wconf 74' lang='lat' dir='ltr'>Alleluyu</span> <span class='ocrx_word' id='word_1_132' title='bbox 582 1671 649 1707; x_wconf 90' lang='lat' dir='ltr'>cum</span> <span class='ocrx_word' id='word_1_133' title='bbox 670 1650 778 1723; x_wconf 86' lang='lat' dir='ltr'>Versu,</span> <span class='ocrx_word' id='word_1_134' title='bbox 803 1650 904 1707; x_wconf 88' lang='lat' dir='ltr'>eodem</span> <span class='ocrx_word' id='word_1_135' title='bbox 929 1650 1014 1707; x_wconf 90' lang='lat' dir='ltr'>modo</span> <span class='ocrx_word' id='word_1_136' title='bbox 1040 1670 1098 1726; x_wconf 92' lang='lat' dir='ltr'>quo</span> <span class='ocrx_word' id='word_1_137' title='bbox 1120 1650 1271 1722; x_wconf 83' lang='lat' dir='ltr'>Gradale;</span> <span class='ocrx_word' id='word_1_138' title='bbox 1298 1658 1329 1708; x_wconf 84' lang='lat' dir='ltr'>et</span> 
     </span>
     <span class='ocr_line' id='line_1_17' title="bbox 127 1731 1328 1808; baseline -0.002 -18"><span class='ocrx_word' id='word_1_139' title='bbox 127 1739 191 1808; x_wconf 88' lang='lat' dir='ltr'>post</span> <span class='ocrx_word' id='word_1_140' title='bbox 217 1733 354 1807; x_wconf 73' lang='lat' dir='ltr'>Allelapo</span> <span class='ocrx_word' id='word_1_141' title='bbox 380 1732 563 1808; x_wconf 87' lang='lat' dir='ltr'>reinceptum</span> <span class='ocrx_word' id='word_1_142' title='bbox 589 1732 749 1808; x_wconf 88' lang='lat' dir='ltr'>incipiatur</span> <span class='ocrx_word' id='word_1_143' title='bbox 780 1732 945 1807; x_wconf 79' lang='lat' dir='ltr'>Sequentia.</span> <span class='ocrx_word' id='word_1_144' title='bbox 1009 1731 1152 1806; x_wconf 72' lang='lat' dir='ltr'>Alleluyu,</span> <span class='ocrx_word' id='word_1_145' title='bbox 1183 1732 1328 1806; x_wconf 69' lang='lat' dir='ltr'>Alleluye,</span> 
     </span>
     <span class='ocr_line' id='line_1_18' title="bbox 129 1813 752 1885; baseline -0.002 -16"><span class='ocrx_word' id='word_1_146' title='bbox 129 1814 165 1872; x_wconf 93' lang='lat' dir='ltr'>V.</span> <span class='ocrx_word' id='word_1_147' title='bbox 189 1813 310 1872; x_wconf 75' lang='lat' dir='ltr'>Ostende</span> <span class='ocrx_word' id='word_1_148' title='bbox 329 1814 419 1884; x_wconf 78' lang='lat' dir='ltr'>uobis,</span> <span class='ocrx_word' id='word_1_149' title='bbox 441 1813 574 1885; x_wconf 74' lang='lat' dir='ltr'>Domine,</span> <span class='ocrx_word' id='word_1_150' title='bbox 597 1819 628 1868; x_wconf 88' lang='lat' dir='ltr'>et</span> <span class='ocrx_word' id='word_1_151' title='bbox 650 1819 752 1869; x_wconf 88' lang='lat' dir='ltr'>cetera</span> 
     </span>
    </p>

    <p class='ocr_par' dir='ltr' id='par_1_5' title="bbox 187 1893 778 1970">
     <span class='ocr_line' id='line_1_19' title="bbox 187 1893 778 1970; baseline -0.003 -18"><span class='ocrx_word' id='word_1_152' title='bbox 187 1895 353 1970; x_wconf 83' lang='lat' dir='ltr'>Sequentia.</span> <span class='ocrx_word' id='word_1_153' title='bbox 397 1893 486 1951; x_wconf 79' lang='lat' dir='ltr'>Solus</span> <span class='ocrx_word' id='word_1_154' title='bbox 499 1903 615 1966; x_wconf 76' lang='lat' dir='ltr'>ceteram,</span> <span class='ocrx_word' id='word_1_155' title='bbox 631 1900 661 1950; x_wconf 90' lang='lat' dir='ltr'>et</span> <span class='ocrx_word' id='word_1_156' title='bbox 675 1901 778 1951; x_wconf 88' lang='lat' dir='ltr'>cetera.</span> 
     </span>
    </p>

    <p class='ocr_par' dir='ltr' id='par_1_6' title="bbox 129 1974 1330 2133">
     <span class='ocr_line' id='line_1_20' title="bbox 186 1974 1330 2051; baseline -0.002 -18"><span class='ocrx_word' id='word_1_157' title='bbox 186 1975 353 2034; x_wconf 82' lang='lat' dir='ltr'>Secundum</span> <span class='ocrx_word' id='word_1_158' title='bbox 381 1975 560 2031; x_wconf 88' lang='lat' dir='ltr'>Matthaeum</span> <span class='ocrx_word' id='word_1_159' title='bbox 572 1995 580 2046; x_wconf 78' lang='lat'><em>3</em></span> <span class='ocrx_word' id='word_1_160' title='bbox 621 1974 792 2050; x_wconf 82' lang='lat' dir='ltr'>Capitulum</span> <span class='ocrx_word' id='word_1_161' title='bbox 826 1975 887 2031; x_wconf 82' lang='lat' dir='ltr'>xxi.</span> <span class='ocrx_word' id='word_1_162' title='bbox 946 1974 986 2030; x_wconf 78' lang='lat' dir='ltr'>Ia</span> <span class='ocrx_word' id='word_1_163' title='bbox 1013 1975 1063 2032; x_wconf 76' lang='lat' dir='ltr'>illo</span> <span class='ocrx_word' id='word_1_164' title='bbox 1088 1984 1217 2051; x_wconf 79' lang='lat' dir='ltr'>tempore,</span> <span class='ocrx_word' id='word_1_165' title='bbox 1255 1974 1330 2034; x_wconf 75' lang='lat' dir='ltr'>Cum</span> 
     </span>
     <span class='ocr_line' id='line_1_21' title="bbox 129 2055 679 2133; baseline 0.004 -23"><span class='ocrx_word' id='word_1_166' title='bbox 129 2057 386 2133; x_wconf 75' lang='lat' dir='ltr'>appropinquasset</span> <span class='ocrx_word' id='word_1_167' title='bbox 404 2055 500 2128; x_wconf 81' lang='lat' dir='ltr'>Jesas,</span> <span class='ocrx_word' id='word_1_168' title='bbox 524 2061 555 2112; x_wconf 89' lang='lat' dir='ltr'>et</span> <span class='ocrx_word' id='word_1_169' title='bbox 577 2061 679 2113; x_wconf 87' lang='lat' dir='ltr'>cetera.</span> 
     </span>
    </p>

    <p class='ocr_par' dir='ltr' id='par_1_7' title="bbox 189 2136 715 2212">
     <span class='ocr_line' id='line_1_22' title="bbox 189 2136 715 2212; baseline -0.004 -17"><span class='ocrx_word' id='word_1_170' title='bbox 189 2136 286 2196; x_wconf 75' lang='lat' dir='ltr'>Crede.</span> <span class='ocrx_word' id='word_1_171' title='bbox 330 2137 461 2212; x_wconf 85' lang='lat' dir='ltr'>Require</span> <span class='ocrx_word' id='word_1_172' title='bbox 474 2142 543 2192; x_wconf 88' lang='lat' dir='ltr'>ante</span> <span class='ocrx_word' id='word_1_173' title='bbox 558 2136 715 2193; x_wconf 70' lang='lat' dir='ltr'>(lenonem.</span> 
     </span>
    </p>

    <p class='ocr_par' dir='ltr' id='par_1_8' title="bbox 187 2216 952 2288">
     <span class='ocr_line' id='line_1_23' title="bbox 187 2216 952 2288; baseline -0.003 -13"><span class='ocrx_word' id='word_1_174' title='bbox 187 2218 386 2275; x_wconf 86' lang='lat' dir='ltr'>Offertorium.</span> <span class='ocrx_word' id='word_1_175' title='bbox 430 2216 479 2273; x_wconf 76' lang='lat' dir='ltr'>ld</span> <span class='ocrx_word' id='word_1_176' title='bbox 493 2227 527 2288; x_wconf 80' lang='lat' dir='ltr'>te,</span> <span class='ocrx_word' id='word_1_177' title='bbox 540 2217 674 2288; x_wconf 75' lang='lat' dir='ltr'>Domine,</span> <span class='ocrx_word' id='word_1_178' title='bbox 691 2218 790 2288; x_wconf 73' lang='lat' dir='ltr'>levam,</span> <span class='ocrx_word' id='word_1_179' title='bbox 805 2224 835 2274; x_wconf 84' lang='lat' dir='ltr'>et</span> <span class='ocrx_word' id='word_1_180' title='bbox 849 2223 952 2274; x_wconf 87' lang='lat' dir='ltr'>cetera.</span> 
     </span>
    </p>

    <p class='ocr_par' dir='ltr' id='par_1_9' title="bbox 133 2298 1332 2616">
     <span class='ocr_line' id='line_1_24' title="bbox 188 2298 1332 2374; baseline -0.002 -18"><span class='ocrx_word' id='word_1_181' title='bbox 188 2298 312 2356; x_wconf 82' lang='lat' dir='ltr'>Secreta.</span> <span class='ocrx_word' id='word_1_182' title='bbox 356 2300 427 2355; x_wconf 80' lang='lat' dir='ltr'>Hoec</span> <span class='ocrx_word' id='word_1_183' title='bbox 440 2319 524 2355; x_wconf 79' lang='lat' dir='ltr'>socru</span> <span class='ocrx_word' id='word_1_184' title='bbox 538 2319 591 2355; x_wconf 78' lang='lat' dir='ltr'>uos·</span> <span class='ocrx_word' id='word_1_185' title='bbox 604 2318 696 2374; x_wconf 88' lang='lat' dir='ltr'>usque</span> <span class='ocrx_word' id='word_1_186' title='bbox 704 2298 890 2373; x_wconf 76' lang='lat' dir='ltr'>principium</span> <span class='ocrx_word' id='word_1_187' title='bbox 904 2298 1068 2355; x_wconf 73' lang='lat' dir='ltr'>Dominum</span> <span class='ocrx_word' id='word_1_188' title='bbox 1081 2309 1214 2356; x_wconf 73' lang='lat' dir='ltr'>aroatrum</span> <span class='ocrx_word' id='word_1_189' title='bbox 1227 2298 1255 2353; x_wconf 86' lang='lat' dir='ltr'><strong><em>J</em></strong></span> <span class='ocrx_word' id='word_1_190' title='bbox 1252 2320 1332 2356; x_wconf 79' lang='lat' dir='ltr'>esum</span> 
     </span>
     <span class='ocr_line' id='line_1_25' title="bbox 136 2378 1331 2455; baseline -0.002 -18"><span class='ocrx_word' id='word_1_191' title='bbox 136 2378 279 2437; x_wconf 66' lang='lat' dir='ltr'>Garatom</span> <span class='ocrx_word' id='word_1_192' title='bbox 292 2379 407 2436; x_wconf 68' lang='lat' dir='ltr'>Filium</span> <span class='ocrx_word' id='word_1_193' title='bbox 425 2389 531 2447; x_wconf 58' lang='lat' dir='ltr'>tueam-</span> <span class='ocrx_word' id='word_1_194' title='bbox 561 2385 591 2435; x_wconf 86' lang='lat' dir='ltr'>et</span> <span class='ocrx_word' id='word_1_195' title='bbox 609 2379 673 2435; x_wconf 87' lang='lat' dir='ltr'>aliae</span> <span class='ocrx_word' id='word_1_196' title='bbox 691 2399 756 2455; x_wconf 90' lang='lat' dir='ltr'>quae</span> <span class='ocrx_word' id='word_1_197' title='bbox 777 2380 814 2436; x_wconf 91' lang='lat' dir='ltr'>ad</span> <span class='ocrx_word' id='word_1_198' title='bbox 832 2380 988 2436; x_wconf 88' lang='lat' dir='ltr'>memorias</span> <span class='ocrx_word' id='word_1_199' title='bbox 1006 2385 1076 2437; x_wconf 92' lang='lat' dir='ltr'>sunt</span> <span class='ocrx_word' id='word_1_200' title='bbox 1094 2381 1247 2454; x_wconf 85' lang='lat' dir='ltr'>adjunctae.</span> <span class='ocrx_word' id='word_1_201' title='bbox 1292 2380 1331 2436; x_wconf 91' lang='lat' dir='ltr'>In</span> 
     </span>
     <span class='ocr_line' id='line_1_26' title="bbox 133 2459 1329 2536; baseline 0.002 -21"><span class='ocrx_word' id='word_1_202' title='bbox 133 2461 186 2518; x_wconf 88' lang='lat' dir='ltr'>fine</span> <span class='ocrx_word' id='word_1_203' title='bbox 198 2461 301 2536; x_wconf 86' lang='lat' dir='ltr'>primae</span> <span class='ocrx_word' id='word_1_204' title='bbox 316 2460 440 2517; x_wconf 81' lang='lat' dir='ltr'>Secreta</span> <span class='ocrx_word' id='word_1_205' title='bbox 455 2466 485 2516; x_wconf 89' lang='lat' dir='ltr'>et</span> <span class='ocrx_word' id='word_1_206' title='bbox 499 2460 612 2516; x_wconf 79' lang='lat' dir='ltr'>ultimae</span> <span class='ocrx_word' id='word_1_207' title='bbox 627 2459 751 2517; x_wconf 88' lang='lat' dir='ltr'>dieitur:</span> <span class='ocrx_word' id='word_1_208' title='bbox 768 2460 826 2517; x_wconf 80' lang='lat' dir='ltr'>Per</span> <span class='ocrx_word' id='word_1_209' title='bbox 835 2460 939 2516; x_wconf 79' lang='lat' dir='ltr'>Jesuoa</span> <span class='ocrx_word' id='word_1_210' title='bbox 950 2459 1099 2519; x_wconf 74' lang='lat' dir='ltr'>Christum</span> <span class='ocrx_word' id='word_1_211' title='bbox 1109 2461 1223 2518; x_wconf 79' lang='lat' dir='ltr'>Filium</span> <span class='ocrx_word' id='word_1_212' title='bbox 1237 2470 1329 2530; x_wconf 68' lang='lat' dir='ltr'>turim,</span> 
     </span>
     <span class='ocr_line' id='line_1_27' title="bbox 135 2540 1055 2616; baseline 0.002 -20"><span class='ocrx_word' id='word_1_213' title='bbox 135 2542 182 2613; x_wconf 78' lang='lat' dir='ltr'>qai</span> <span class='ocrx_word' id='word_1_214' title='bbox 195 2551 286 2598; x_wconf 78' lang='lat' dir='ltr'>tecum</span> <span class='ocrx_word' id='word_1_215' title='bbox 298 2541 369 2598; x_wconf 75' lang='lat' dir='ltr'>eicit</span> <span class='ocrx_word' id='word_1_216' title='bbox 383 2550 408 2598; x_wconf 81' lang='lat' dir='ltr'>et</span> <span class='ocrx_word' id='word_1_217' title='bbox 421 2550 523 2614; x_wconf 71' lang='lat' dir='ltr'>reparat</span> <span class='ocrx_word' id='word_1_218' title='bbox 535 2541 570 2596; x_wconf 80' lang='lat' dir='ltr'>ia</span> <span class='ocrx_word' id='word_1_219' title='bbox 582 2541 695 2598; x_wconf 69' lang='lat' dir='ltr'>acritate</span> <span class='ocrx_word' id='word_1_220' title='bbox 708 2540 839 2616; x_wconf 65' lang='lat' dir='ltr'>›Spiritus</span> <span class='ocrx_word' id='word_1_221' title='bbox 852 2541 953 2598; x_wconf 73' lang='lat' dir='ltr'>Scsrwte‘</span> <span class='ocrx_word' id='word_1_222' title='bbox 966 2541 1055 2598; x_wconf 83' lang='lat' dir='ltr'>Deus.</span> 
     </span>
    </p>

    <p class='ocr_par' dir='ltr' id='par_1_10' title="bbox 137 2621 1333 2779">
     <span class='ocr_line' id='line_1_28' title="bbox 190 2621 1333 2698; baseline 0 -20"><span class='ocrx_word' id='word_1_223' title='bbox 190 2621 330 2679; x_wconf 81' lang='lat' dir='ltr'>Praefatio</span> <span class='ocrx_word' id='word_1_224' title='bbox 367 2622 529 2679; x_wconf 88' lang='lat' dir='ltr'>communis</span> <span class='ocrx_word' id='word_1_225' title='bbox 567 2621 681 2678; x_wconf 85' lang='lat' dir='ltr'>dicetur</span> <span class='ocrx_word' id='word_1_226' title='bbox 714 2642 767 2696; x_wconf 87' lang='lat' dir='ltr'>per</span> <span class='ocrx_word' id='word_1_227' title='bbox 800 2628 898 2678; x_wconf 89' lang='lat' dir='ltr'>totum</span> <span class='ocrx_word' id='word_1_228' title='bbox 933 2623 1109 2678; x_wconf 86' lang='lat' dir='ltr'>Adventum</span> <span class='ocrx_word' id='word_1_229' title='bbox 1143 2622 1260 2698; x_wconf 87' lang='lat' dir='ltr'>quando</span> <span class='ocrx_word' id='word_1_230' title='bbox 1297 2623 1333 2679; x_wconf 91' lang='lat' dir='ltr'>de</span> 
     </span>
     <span class='ocr_line' id='line_1_29' title="bbox 137 2701 430 2779; baseline 0.003 -21"><span class='ocrx_word' id='word_1_231' title='bbox 137 2701 298 2778; x_wconf 89' lang='lat' dir='ltr'>Temporali</span> <span class='ocrx_word' id='word_1_232' title='bbox 325 2703 430 2779; x_wconf 88' lang='lat' dir='ltr'>agitur.</span> 
     </span>
    </p>

    <p class='ocr_par' dir='ltr' id='par_1_11' title="bbox 191 2783 864 2854">
     <span class='ocr_line' id='line_1_30' title="bbox 191 2783 864 2854; baseline -0.001 -13"><span class='ocrx_word' id='word_1_233' title='bbox 191 2783 372 2841; x_wconf 80' lang='lat' dir='ltr'>Communia.</span> <span class='ocrx_word' id='word_1_234' title='bbox 426 2784 574 2840; x_wconf 77' lang='lat' dir='ltr'>Dominus</span> <span class='ocrx_word' id='word_1_235' title='bbox 596 2785 686 2854; x_wconf 74' lang='lat' dir='ltr'>(labit,</span> <span class='ocrx_word' id='word_1_236' title='bbox 710 2790 740 2840; x_wconf 86' lang='lat' dir='ltr'>et</span> <span class='ocrx_word' id='word_1_237' title='bbox 761 2790 864 2841; x_wconf 80' lang='lat' dir='ltr'>cetera.</span> 
     </span>
    </p>

    <p class='ocr_par' dir='ltr' id='par_1_12' title="bbox 137 2862 1335 3003">
     <span class='ocr_line' id='line_1_31' title="bbox 191 2862 1335 2941; baseline -0.002 -20"><span class='ocrx_word' id='word_1_238' title='bbox 191 2864 438 2922; x_wconf 84' lang='lat' dir='ltr'>Postoommunio.</span> <span class='ocrx_word' id='word_1_239' title='bbox 501 2864 703 2938; x_wconf 53' lang='lat' dir='ltr'>&amp;accipiamus</span> <span class='ocrx_word' id='word_1_240' title='bbox 725 2865 859 2935; x_wconf 76' lang='lat' dir='ltr'>Douiiuo,</span> <span class='ocrx_word' id='word_1_241' title='bbox 884 2870 915 2920; x_wconf 86' lang='lat' dir='ltr'>et</span> <span class='ocrx_word' id='word_1_242' title='bbox 938 2869 1043 2936; x_wconf 88' lang='lat' dir='ltr'>cetera,</span> <span class='ocrx_word' id='word_1_243' title='bbox 1058 2862 1097 2941; x_wconf 41' lang='lat' dir='ltr'>:et</span> <span class='ocrx_word' id='word_1_244' title='bbox 1119 2864 1183 2920; x_wconf 84' lang='lat' dir='ltr'>aliae</span> <span class='ocrx_word' id='word_1_245' title='bbox 1208 2884 1272 2938; x_wconf 72' lang='lat' dir='ltr'>quae</span> <span class='ocrx_word' id='word_1_246' title='bbox 1297 2863 1335 2919; x_wconf 84' lang='lat' dir='ltr'>ad</span> 
     </span>
     <span class='ocr_line' id='line_1_32' title="bbox 137 2945 456 3003; baseline 0.006 -2"><span class='ocrx_word' id='word_1_247' title='bbox 137 2946 286 3003; x_wconf 87' lang='lat' dir='ltr'>memorias</span> <span class='ocrx_word' id='word_1_248' title='bbox 309 2945 456 3003; x_wconf 85' lang='lat' dir='ltr'>dicuntur.</span> 
     </span>
    </p>

    <p class='ocr_par' dir='ltr' id='par_1_13' title="bbox 136 3024 1336 3264">
     <span class='ocr_line' id='line_1_33' title="bbox 192 3024 1336 3099; baseline -0.003 -16"><span class='ocrx_word' id='word_1_249' title='bbox 192 3025 343 3083; x_wconf 86' lang='lat' dir='ltr'>Diaconus</span> <span class='ocrx_word' id='word_1_250' title='bbox 363 3045 464 3082; x_wconf 84' lang='lat' dir='ltr'>versus</span> <span class='ocrx_word' id='word_1_251' title='bbox 479 3025 516 3082; x_wconf 90' lang='lat' dir='ltr'>ad</span> <span class='ocrx_word' id='word_1_252' title='bbox 530 3026 637 3082; x_wconf 84' lang='lat' dir='ltr'>Altare</span> <span class='ocrx_word' id='word_1_253' title='bbox 651 3025 737 3096; x_wconf 86' lang='lat' dir='ltr'>dicat,</span> <span class='ocrx_word' id='word_1_254' title='bbox 754 3025 964 3081; x_wconf 75' lang='lat' dir='ltr'>Beaeedicamas</span> <span class='ocrx_word' id='word_1_255' title='bbox 977 3024 1112 3081; x_wconf 76' lang='lat' dir='ltr'>Domino.</span> <span class='ocrx_word' id='word_1_256' title='bbox 1157 3025 1199 3080; x_wconf 89' lang='lat' dir='ltr'>Et</span> <span class='ocrx_word' id='word_1_257' title='bbox 1211 3024 1266 3081; x_wconf 90' lang='lat' dir='ltr'>hoo</span> <span class='ocrx_word' id='word_1_258' title='bbox 1283 3044 1336 3099; x_wconf 90' lang='lat' dir='ltr'>per</span> 
     </span>
     <span class='ocr_line' id='line_1_34' title="bbox 136 3104 1335 3181; baseline -0.003 -17"><span class='ocrx_word' id='word_1_259' title='bbox 136 3112 231 3164; x_wconf 89' lang='lat' dir='ltr'>totum</span> <span class='ocrx_word' id='word_1_260' title='bbox 252 3126 364 3164; x_wconf 89' lang='lat' dir='ltr'>annum</span> <span class='ocrx_word' id='word_1_261' title='bbox 386 3107 556 3164; x_wconf 88' lang='lat' dir='ltr'>observetur</span> <span class='ocrx_word' id='word_1_262' title='bbox 578 3106 695 3181; x_wconf 86' lang='lat' dir='ltr'>quando</span> <span class='ocrx_word' id='word_1_263' title='bbox 715 3125 776 3161; x_wconf 91' lang='lat' dir='ltr'>non</span> <span class='ocrx_word' id='word_1_264' title='bbox 795 3105 904 3161; x_wconf 86' lang='lat' dir='ltr'>dicitur</span> <span class='ocrx_word' id='word_1_265' title='bbox 920 3104 1019 3162; x_wconf 77' lang='lat' dir='ltr'>Gloria</span> <span class='ocrx_word' id='word_1_266' title='bbox 1032 3105 1067 3161; x_wconf 76' lang='lat' dir='ltr'>ia</span> <span class='ocrx_word' id='word_1_267' title='bbox 1080 3104 1215 3177; x_wconf 71' lang='lat' dir='ltr'>Eusebia,</span> <span class='ocrx_word' id='word_1_268' title='bbox 1231 3105 1289 3161; x_wconf 89' lang='lat' dir='ltr'>nisi</span> <span class='ocrx_word' id='word_1_269' title='bbox 1303 3106 1335 3161; x_wconf 92' lang='lat' dir='ltr'>in</span> 
     </span>
     <span class='ocr_line' id='line_1_35' title="bbox 137 3185 1164 3264; baseline -0.002 -19"><span class='ocrx_word' id='word_1_270' title='bbox 137 3185 234 3246; x_wconf 78' lang='lat' dir='ltr'>Missis</span> <span class='ocrx_word' id='word_1_271' title='bbox 247 3207 301 3264; x_wconf 90' lang='lat' dir='ltr'>pro</span> <span class='ocrx_word' id='word_1_272' title='bbox 315 3187 479 3260; x_wconf 88' lang='lat' dir='ltr'>Defunctis,</span> <span class='ocrx_word' id='word_1_273' title='bbox 496 3187 548 3244; x_wconf 92' lang='lat' dir='ltr'>ubi</span> <span class='ocrx_word' id='word_1_274' title='bbox 562 3187 677 3258; x_wconf 89' lang='lat' dir='ltr'>dicitur,</span> <span class='ocrx_word' id='word_1_275' title='bbox 693 3186 884 3260; x_wconf 76' lang='lat' dir='ltr'>Reperiescunt</span> <span class='ocrx_word' id='word_1_276' title='bbox 897 3187 931 3242; x_wconf 79' lang='lat' dir='ltr'>ia</span> <span class='ocrx_word' id='word_1_277' title='bbox 939 3207 1018 3261; x_wconf 81' lang='lat' dir='ltr'>pure.</span> <span class='ocrx_word' id='word_1_278' title='bbox 1062 3186 1164 3243; x_wconf 73' lang='lat' dir='ltr'>Arrace.</span> 
     </span>
    </p>

    <p class='ocr_par' dir='ltr' id='par_1_14' title="bbox 137 3267 1354 4319">
     <span class='ocr_line' id='line_1_36' title="bbox 196 3267 1338 3346; baseline -0.002 -20"><span class='ocrx_word' id='word_1_279' title='bbox 196 3267 387 3346; x_wconf 88' lang='lat' dir='ltr'>[Notandum</span> <span class='ocrx_word' id='word_1_280' title='bbox 410 3268 490 3344; x_wconf 90' lang='lat' dir='ltr'>quod</span> <span class='ocrx_word' id='word_1_281' title='bbox 508 3269 540 3324; x_wconf 89' lang='lat' dir='ltr'>in</span> <span class='ocrx_word' id='word_1_282' title='bbox 560 3268 704 3325; x_wconf 88' lang='lat' dir='ltr'>Adventu</span> <span class='ocrx_word' id='word_1_283' title='bbox 724 3276 754 3324; x_wconf 91' lang='lat' dir='ltr'>et</span> <span class='ocrx_word' id='word_1_284' title='bbox 772 3287 790 3324; x_wconf 90' lang='lat' dir='ltr'>a</span> <span class='ocrx_word' id='word_1_285' title='bbox 809 3267 1029 3344; x_wconf 82' lang='lat' dir='ltr'>Septuagesima</span> <span class='ocrx_word' id='word_1_286' title='bbox 1049 3287 1141 3343; x_wconf 88' lang='lat' dir='ltr'>usque</span> <span class='ocrx_word' id='word_1_287' title='bbox 1165 3267 1203 3324; x_wconf 88' lang='lat' dir='ltr'>ad</span> <span class='ocrx_word' id='word_1_288' title='bbox 1224 3267 1338 3324; x_wconf 87' lang='lat' dir='ltr'>Pascha</span> 
     </span>
     <span class='ocr_line' id='line_1_37' title="bbox 137 3348 1336 3425; baseline 0.001 -20"><span class='ocrx_word' id='word_1_289' title='bbox 137 3350 272 3407; x_wconf 89' lang='lat' dir='ltr'>omnibus</span> <span class='ocrx_word' id='word_1_290' title='bbox 295 3349 399 3406; x_wconf 89' lang='lat' dir='ltr'>diebus</span> <span class='ocrx_word' id='word_1_291' title='bbox 423 3349 597 3421; x_wconf 80' lang='lat' dir='ltr'>Dominicis„</span> <span class='ocrx_word' id='word_1_292' title='bbox 620 3348 738 3424; x_wconf 88' lang='lat' dir='ltr'>quando</span> <span class='ocrx_word' id='word_1_293' title='bbox 762 3349 799 3406; x_wconf 90' lang='lat' dir='ltr'>de</span> <span class='ocrx_word' id='word_1_294' title='bbox 821 3349 979 3406; x_wconf 89' lang='lat' dir='ltr'>Dominica</span> <span class='ocrx_word' id='word_1_295' title='bbox 1003 3349 1110 3425; x_wconf 87' lang='lat' dir='ltr'>agitur,</span> <span class='ocrx_word' id='word_1_296' title='bbox 1137 3349 1288 3405; x_wconf 89' lang='lat' dir='ltr'>Diaconus</span> <span class='ocrx_word' id='word_1_297' title='bbox 1304 3356 1336 3406; x_wconf 84' lang='lat' dir='ltr'>et</span> 
     </span>
     <span class='ocr_line' id='line_1_38' title="bbox 138 3429 1339 3488; baseline -0.001 -2"><span class='ocrx_word' id='word_1_298' title='bbox 138 3429 338 3488; x_wconf 69' lang='lat' dir='ltr'>subdiaconus</span> <span class='ocrx_word' id='word_1_299' title='bbox 359 3429 472 3487; x_wconf 78' lang='lat' dir='ltr'>Casulis</span> <span class='ocrx_word' id='word_1_300' title='bbox 493 3429 656 3487; x_wconf 88' lang='lat' dir='ltr'>induantur</span> <span class='ocrx_word' id='word_1_301' title='bbox 676 3431 714 3488; x_wconf 89' lang='lat' dir='ltr'>ad</span> <span class='ocrx_word' id='word_1_302' title='bbox 728 3430 858 3487; x_wconf 86' lang='lat' dir='ltr'>Missam.</span> <span class='ocrx_word' id='word_1_303' title='bbox 907 3430 946 3487; x_wconf 93' lang='lat' dir='ltr'>In</span> <span class='ocrx_word' id='word_1_304' title='bbox 961 3430 1056 3486; x_wconf 86' lang='lat' dir='ltr'>Festis</span> <span class='ocrx_word' id='word_1_305' title='bbox 1069 3449 1140 3486; x_wconf 90' lang='lat' dir='ltr'>vero</span> <span class='ocrx_word' id='word_1_306' title='bbox 1161 3429 1339 3487; x_wconf 82' lang='lat' dir='ltr'>Sanctorum</span> 
     </span>
     <span class='ocr_line' id='line_1_39' title="bbox 137 3510 1339 3585; baseline -0.001 -18"><span class='ocrx_word' id='word_1_307' title='bbox 137 3516 167 3567; x_wconf 92' lang='lat' dir='ltr'>et</span> <span class='ocrx_word' id='word_1_308' title='bbox 186 3510 219 3567; x_wconf 93' lang='lat' dir='ltr'>in</span> <span class='ocrx_word' id='word_1_309' title='bbox 240 3510 335 3568; x_wconf 85' lang='lat' dir='ltr'>Feriis</span> <span class='ocrx_word' id='word_1_310' title='bbox 352 3510 470 3585; x_wconf 91' lang='lat' dir='ltr'>quando</span> <span class='ocrx_word' id='word_1_311' title='bbox 483 3511 593 3567; x_wconf 90' lang='lat' dir='ltr'>dicitur</span> <span class='ocrx_word' id='word_1_312' title='bbox 607 3512 643 3568; x_wconf 91' lang='lat' dir='ltr'>de</span> <span class='ocrx_word' id='word_1_313' title='bbox 657 3511 825 3583; x_wconf 89' lang='lat' dir='ltr'>Dominica‚</span> <span class='ocrx_word' id='word_1_314' title='bbox 841 3511 1009 3568; x_wconf 86' lang='lat' dir='ltr'>Dalmatica</span> <span class='ocrx_word' id='word_1_315' title='bbox 1023 3517 1053 3568; x_wconf 89' lang='lat' dir='ltr'>et</span> <span class='ocrx_word' id='word_1_316' title='bbox 1066 3511 1179 3567; x_wconf 82' lang='lat' dir='ltr'>Tunica</span> <span class='ocrx_word' id='word_1_317' title='bbox 1192 3510 1278 3567; x_wconf 90' lang='lat' dir='ltr'>indui</span> <span class='ocrx_word' id='word_1_318' title='bbox 1291 3510 1339 3567; x_wconf 86' lang='lat' dir='ltr'>de-</span> 
     </span>
     <span class='ocr_line' id='line_1_40' title="bbox 137 3591 1338 3668; baseline -0.001 -19"><span class='ocrx_word' id='word_1_319' title='bbox 137 3591 215 3649; x_wconf 89' lang='lat' dir='ltr'>bent.</span> <span class='ocrx_word' id='word_1_320' title='bbox 259 3591 299 3648; x_wconf 88' lang='lat' dir='ltr'>In</span> <span class='ocrx_word' id='word_1_321' title='bbox 321 3593 342 3649; x_wconf 88' lang='lat' dir='ltr'><strong>J</strong></span> <span class='ocrx_word' id='word_1_322' title='bbox 344 3592 450 3667; x_wconf 77' lang='lat' dir='ltr'>ejrmiis</span> <span class='ocrx_word' id='word_1_323' title='bbox 472 3598 572 3648; x_wconf 91' lang='lat' dir='ltr'>autem</span> <span class='ocrx_word' id='word_1_324' title='bbox 595 3592 744 3660; x_wconf 79' lang='lat' dir='ltr'>Quattuor</span> <span class='ocrx_word' id='word_1_325' title='bbox 766 3592 944 3668; x_wconf 89' lang='lat' dir='ltr'>Temporum</span> <span class='ocrx_word' id='word_1_326' title='bbox 962 3599 992 3649; x_wconf 92' lang='lat' dir='ltr'>et</span> <span class='ocrx_word' id='word_1_327' title='bbox 1008 3591 1130 3668; x_wconf 87' lang='lat' dir='ltr'>Vigiliis</span> <span class='ocrx_word' id='word_1_328' title='bbox 1148 3597 1179 3648; x_wconf 89' lang='lat' dir='ltr'>et</span> <span class='ocrx_word' id='word_1_329' title='bbox 1196 3592 1229 3648; x_wconf 94' lang='lat' dir='ltr'>in</span> <span class='ocrx_word' id='word_1_330' title='bbox 1243 3591 1338 3648; x_wconf 83' lang='lat' dir='ltr'>Feriis</span> 
     </span>
     <span class='ocr_line' id='line_1_41' title="bbox 138 3671 1340 3748; baseline -0.002 -18"><span class='ocrx_word' id='word_1_331' title='bbox 138 3677 257 3730; x_wconf 83' lang='lat' dir='ltr'>tantum</span> <span class='ocrx_word' id='word_1_332' title='bbox 269 3672 303 3729; x_wconf 93' lang='lat' dir='ltr'>in</span> <span class='ocrx_word' id='word_1_333' title='bbox 316 3673 405 3729; x_wconf 91' lang='lat' dir='ltr'>Albis</span> <span class='ocrx_word' id='word_1_334' title='bbox 419 3692 480 3730; x_wconf 88' lang='lat' dir='ltr'>esse</span> <span class='ocrx_word' id='word_1_335' title='bbox 493 3673 609 3743; x_wconf 87' lang='lat' dir='ltr'>debent,</span> <span class='ocrx_word' id='word_1_336' title='bbox 626 3673 756 3748; x_wconf 83' lang='lat' dir='ltr'>exceptis</span> <span class='ocrx_word' id='word_1_337' title='bbox 770 3673 892 3748; x_wconf 83' lang='lat' dir='ltr'>Vigiliis</span> <span class='ocrx_word' id='word_1_338' title='bbox 911 3673 1031 3730; x_wconf 87' lang='lat' dir='ltr'>Paschae</span> <span class='ocrx_word' id='word_1_339' title='bbox 1049 3682 1079 3729; x_wconf 88' lang='lat' dir='ltr'>et</span> <span class='ocrx_word' id='word_1_340' title='bbox 1098 3671 1293 3744; x_wconf 85' lang='lat' dir='ltr'>Pentecostes,</span> <span class='ocrx_word' id='word_1_341' title='bbox 1308 3677 1340 3728; x_wconf 88' lang='lat' dir='ltr'>et</span> 
     </span>
     <span class='ocr_line' id='line_1_42' title="bbox 138 3752 1354 3829; baseline -0.001 -19"><span class='ocrx_word' id='word_1_342' title='bbox 138 3753 268 3829; x_wconf 85' lang='lat' dir='ltr'>exeeptis</span> <span class='ocrx_word' id='word_1_343' title='bbox 290 3752 440 3822; x_wconf 79' lang='lat' dir='ltr'>Quattuor</span> <span class='ocrx_word' id='word_1_344' title='bbox 460 3753 662 3828; x_wconf 84' lang='lat' dir='ltr'>Temporibus,</span> <span class='ocrx_word' id='word_1_345' title='bbox 684 3774 748 3829; x_wconf 90' lang='lat' dir='ltr'>quae</span> <span class='ocrx_word' id='word_1_346' title='bbox 771 3753 957 3811; x_wconf 86' lang='lat' dir='ltr'>celebrantur</span> <span class='ocrx_word' id='word_1_347' title='bbox 977 3755 1010 3810; x_wconf 95' lang='lat' dir='ltr'>in</span> <span class='ocrx_word' id='word_1_348' title='bbox 1032 3753 1214 3810; x_wconf 85' lang='lat' dir='ltr'>hebdomada</span> <span class='ocrx_word' id='word_1_349' title='bbox 1234 3753 1354 3810; x_wconf 81' lang='lat' dir='ltr'>Pente·</span> 
     </span>
     <span class='ocr_line' id='line_1_43' title="bbox 139 3833 1337 3906; baseline 0 -17"><span class='ocrx_word' id='word_1_350' title='bbox 139 3840 239 3906; x_wconf 86' lang='lat' dir='ltr'>costes,</span> <span class='ocrx_word' id='word_1_351' title='bbox 249 3838 280 3890; x_wconf 92' lang='lat' dir='ltr'>et</span> <span class='ocrx_word' id='word_1_352' title='bbox 289 3834 343 3890; x_wconf 92' lang='lat' dir='ltr'>ubi</span> <span class='ocrx_word' id='word_1_353' title='bbox 353 3835 430 3891; x_wconf 90' lang='lat' dir='ltr'>fiunt</span> <span class='ocrx_word' id='word_1_354' title='bbox 441 3834 585 3905; x_wconf 85' lang='lat' dir='ltr'>Ordines;</span> <span class='ocrx_word' id='word_1_355' title='bbox 599 3840 670 3892; x_wconf 91' lang='lat' dir='ltr'>tuno</span> <span class='ocrx_word' id='word_1_356' title='bbox 685 3835 763 3891; x_wconf 92' lang='lat' dir='ltr'>enim</span> <span class='ocrx_word' id='word_1_357' title='bbox 778 3834 946 3892; x_wconf 82' lang='lat' dir='ltr'>Dalmatica</span> <span class='ocrx_word' id='word_1_358' title='bbox 956 3840 985 3892; x_wconf 88' lang='lat' dir='ltr'>et</span> <span class='ocrx_word' id='word_1_359' title='bbox 996 3834 1108 3890; x_wconf 86' lang='lat' dir='ltr'>Tunica</span> <span class='ocrx_word' id='word_1_360' title='bbox 1121 3833 1208 3891; x_wconf 90' lang='lat' dir='ltr'>indui</span> <span class='ocrx_word' id='word_1_361' title='bbox 1220 3834 1337 3891; x_wconf 88' lang='lat' dir='ltr'>debent.</span> 
     </span>
     <span class='ocr_line' id='line_1_44' title="bbox 141 3913 1337 3991; baseline 0.001 -21"><span class='ocrx_word' id='word_1_362' title='bbox 141 3913 198 3971; x_wconf 91' lang='lat' dir='ltr'>Per</span> <span class='ocrx_word' id='word_1_363' title='bbox 211 3914 359 3990; x_wconf 90' lang='lat' dir='ltr'>reliquum</span> <span class='ocrx_word' id='word_1_364' title='bbox 372 3934 442 3972; x_wconf 91' lang='lat' dir='ltr'>vero</span> <span class='ocrx_word' id='word_1_365' title='bbox 455 3922 572 3990; x_wconf 89' lang='lat' dir='ltr'>tempus</span> <span class='ocrx_word' id='word_1_366' title='bbox 594 3916 666 3972; x_wconf 88' lang='lat' dir='ltr'>anni</span> <span class='ocrx_word' id='word_1_367' title='bbox 687 3915 819 3991; x_wconf 89' lang='lat' dir='ltr'>quotidie</span> <span class='ocrx_word' id='word_1_368' title='bbox 842 3915 1009 3972; x_wconf 86' lang='lat' dir='ltr'>Dalmatica</span> <span class='ocrx_word' id='word_1_369' title='bbox 1023 3921 1053 3972; x_wconf 87' lang='lat' dir='ltr'>et</span> <span class='ocrx_word' id='word_1_370' title='bbox 1072 3915 1184 3972; x_wconf 90' lang='lat' dir='ltr'>Tunica</span> <span class='ocrx_word' id='word_1_371' title='bbox 1204 3920 1337 3972; x_wconf 85' lang='lat' dir='ltr'>utantur.</span> 
     </span>
     <span class='ocr_line' id='line_1_45' title="bbox 141 3993 1341 4073; baseline 0.001 -23"><span class='ocrx_word' id='word_1_372' title='bbox 141 3993 181 4050; x_wconf 85' lang='lat' dir='ltr'>Et</span> <span class='ocrx_word' id='word_1_373' title='bbox 204 4014 318 4071; x_wconf 85' lang='lat' dir='ltr'>semper</span> <span class='ocrx_word' id='word_1_374' title='bbox 338 3995 417 4052; x_wconf 85' lang='lat' dir='ltr'>infra</span> <span class='ocrx_word' id='word_1_375' title='bbox 438 3996 612 4072; x_wconf 85' lang='lat' dir='ltr'>praedictum</span> <span class='ocrx_word' id='word_1_376' title='bbox 634 4002 750 4072; x_wconf 87' lang='lat' dir='ltr'>tompus</span> <span class='ocrx_word' id='word_1_377' title='bbox 772 3994 930 4054; x_wconf 78' lang='lat' dir='ltr'>Adventus</span> <span class='ocrx_word' id='word_1_378' title='bbox 948 4001 978 4053; x_wconf 89' lang='lat' dir='ltr'>et</span> <span class='ocrx_word' id='word_1_379' title='bbox 998 3995 1224 4073; x_wconf 79' lang='lat' dir='ltr'>Septuagesimae</span> <span class='ocrx_word' id='word_1_380' title='bbox 1247 3995 1341 4052; x_wconf 87' lang='lat' dir='ltr'>Missa</span> 
     </span>
     <span class='ocr_line' id='line_1_46' title="bbox 139 4075 1342 4152; baseline -0.001 -21"><span class='ocrx_word' id='word_1_381' title='bbox 139 4093 207 4131; x_wconf 89' lang='lat' dir='ltr'>cum</span> <span class='ocrx_word' id='word_1_382' title='bbox 231 4075 440 4134; x_wconf 76' lang='lat' dir='ltr'>Berreda&#39;oumus</span> <span class='ocrx_word' id='word_1_383' title='bbox 463 4077 591 4134; x_wconf 90' lang='lat' dir='ltr'>finiatur.</span> <span class='ocrx_word' id='word_1_384' title='bbox 650 4076 709 4133; x_wconf 87' lang='lat' dir='ltr'>Per</span> <span class='ocrx_word' id='word_1_385' title='bbox 731 4082 829 4132; x_wconf 85' lang='lat' dir='ltr'>totum</span> <span class='ocrx_word' id='word_1_386' title='bbox 856 4096 968 4133; x_wconf 88' lang='lat' dir='ltr'>annum</span> <span class='ocrx_word' id='word_1_387' title='bbox 996 4077 1172 4152; x_wconf 86' lang='lat' dir='ltr'>generaliter</span> <span class='ocrx_word' id='word_1_388' title='bbox 1197 4077 1342 4134; x_wconf 86' lang='lat' dir='ltr'>habeatur</span> 
     </span>
     <span class='ocr_line' id='line_1_47' title="bbox 142 4155 1343 4233; baseline 0.001 -23"><span class='ocrx_word' id='word_1_389' title='bbox 142 4155 242 4230; x_wconf 84' lang='lat' dir='ltr'>regula</span> <span class='ocrx_word' id='word_1_390' title='bbox 255 4157 334 4231; x_wconf 91' lang='lat' dir='ltr'>quod</span> <span class='ocrx_word' id='word_1_391' title='bbox 351 4176 465 4233; x_wconf 89' lang='lat' dir='ltr'>semper</span> <span class='ocrx_word' id='word_1_392' title='bbox 486 4158 604 4233; x_wconf 90' lang='lat' dir='ltr'>quando</span> <span class='ocrx_word' id='word_1_393' title='bbox 625 4157 663 4214; x_wconf 90' lang='lat' dir='ltr'>ad</span> <span class='ocrx_word' id='word_1_394' title='bbox 681 4157 805 4213; x_wconf 86' lang='lat' dir='ltr'>Missam</span> <span class='ocrx_word' id='word_1_395' title='bbox 827 4158 937 4215; x_wconf 91' lang='lat' dir='ltr'>dicitur</span> <span class='ocrx_word' id='word_1_396' title='bbox 960 4155 1059 4216; x_wconf 70' lang='lat' dir='ltr'>Gloria</span> <span class='ocrx_word' id='word_1_397' title='bbox 1081 4157 1115 4216; x_wconf 80' lang='lat' dir='ltr'>in</span> <span class='ocrx_word' id='word_1_398' title='bbox 1137 4157 1258 4230; x_wconf 73' lang='lat' dir='ltr'>carebis,</span> <span class='ocrx_word' id='word_1_399' title='bbox 1278 4157 1343 4232; x_wconf 83' lang='lat' dir='ltr'>ipsa</span> 
     </span>
     <span class='ocr_line' id='line_1_48' title="bbox 144 4234 950 4319; baseline 0.002 -26"><span class='ocrx_word' id='word_1_400' title='bbox 144 4234 234 4294; x_wconf 86' lang='lat' dir='ltr'>Missa</span> <span class='ocrx_word' id='word_1_401' title='bbox 248 4255 316 4294; x_wconf 88' lang='lat' dir='ltr'>cum</span> <span class='ocrx_word' id='word_1_402' title='bbox 328 4235 351 4294; x_wconf 90' lang='lat' dir='ltr'><em>I</em></span> <span class='ocrx_word' id='word_1_403' title='bbox 349 4246 381 4309; x_wconf 79' lang='lat' dir='ltr'>te,</span> <span class='ocrx_word' id='word_1_404' title='bbox 397 4238 540 4298; x_wconf 65' lang='lat' dir='ltr'>misouerit</span> <span class='ocrx_word' id='word_1_405' title='bbox 557 4237 796 4296; x_wconf 79' lang='lat' dir='ltr'>finiatur-MS,</span> <span class='ocrx_word' id='word_1_406' title='bbox 813 4239 870 4319; x_wconf 89' lang='grc'>1).]</span> <span class='ocrx_word' id='word_1_407' title='bbox 947 4297 950 4303; x_wconf 75' lang='grc'><strong>,</strong></span> 
     </span>
    </p>
   </div>
   <div class='ocr_carea' id='block_1_3' title="bbox 594 4455 894 4467">
    <p class='ocr_par' dir='ltr' id='par_1_15' title="bbox 594 4455 894 4467">
     <span class='ocr_line' id='line_1_49' title="bbox 594 4455 894 4467; baseline -0.007 0"><span class='ocrx_word' id='word_1_408' title='bbox 594 4455 894 4467; x_wconf 77' lang='grc'>...-----.-.</span> 
     </span>
    </p>
   </div>
   <div class='ocr_carea' id='block_1_4' title="bbox 0 0 1470 4994">
    <p class='ocr_par' dir='ltr' id='par_1_16' title="bbox 0 0 1470 4994">
     <span class='ocr_line' id='line_1_50' title="bbox 0 0 1470 4994; baseline 0 0"><span class='ocrx_word' id='word_1_409' title='bbox 0 0 1470 4994; x_wconf 95' lang='lat' dir='ltr'> </span> 
     </span>
    </p>
   </div>
  </div>
 </body>
</html>
