2918 4986
517 362 542 425 Ι
539 383 566 427 cc
579 361 671 426 Festo
686 360 796 426 sancti
812 359 949 426 Tlrooroe.

251 529 357 587 Hostis
370 535 484 587 naturae
497 534 583 586 natos
597 528 738 587 eviscerat
750 534 839 605 atque
849 528 976 606 jugulat.

249 612 333 667 Ante
345 610 514 686 prosternit,
529 608 619 686 qu'am
633 615 703 667 aetas
717 610 840 685 parvula
853 615 951 667 sumat
963 608 1076 666 robora.

251 691 344 760 eram
360 692 446 749 beata
459 697 529 748 sunt
545 691 743 749 Innocentum
757 691 795 748 ab
809 691 929 749 Herode
943 709 1016 747 caeea
1029 688 1206 765 corpuscula

251 772 347 840 Quam
360 772 458 830 felices
471 773 605 830 existunt
618 778 735 844 matres,
751 791 816 847 quae
836 771 978 828 fuderunt
992 771 1064 828 talia
1077 770 1206 847 pignora.

250 852 277 910 0
294 852 393 910 dulces
413 854 610 911 innocentum
630 853 724 910 acies!
745 853 771 910 O
792 853 842 929 pia
860 852 1035 910 lactentium
1055 871 1108 928 pro
1130 850 1248 908 Christo
1268 868 1330 908 cer·

329 933 442 990 tamine
454 935 460 991 l

249 1013 445 1072 Parvulorum
459 1014 648 1073 trucidantur
660 1014 763 1088 millio,
778 1015 916 1072 membris
934 1033 972 1072 ex
985 1012 1095 1071 teneris
1108 1018 1231 1071 manant
1244 1012 1329 1070 lectis

329 1095 460 1153 fiumina.

249 1175 336 1233 (lives
349 1176 474 1252 angelici
486 1176 612 1234 veniunt
625 1175 658 1232 in
672 1177 797 1248 obviam,

247 1255 330 1312 Mira
342 1257 466 1314 victoria
478 1257 548 1314 vitae
562 1262 662 1333 captat
675 1257 796 1333 praemia
808 1257 897 1314 turba
911 1256 1124 1314 candidissima.

249 1336 299 1409 Te,
316 1336 439 1410 Christe,
455 1338 583 1414 petimus
596 1343 694 1395 mente
709 1338 906 1410 devotissima,

248 1417 359 1476 Nostra
373 1419 426 1494 qui
438 1418 548 1476 venisti
560 1419 718 1476 reformare
731 1419 850 1491 saecula,
859 1419 1057 1476 Innocentum
1069 1417 1164 1494 gloria

249 1497 366 1556 Perfrui
379 1519 433 1556 nos
446 1499 586 1558 concedas
598 1518 652 1576 per
665 1505 782 1557 aeterna

187 1624 352 1707 [Diaconos
376 1628 501 1686 cetoros
523 1627 719 1704 anrrpclium
745 1628 779 1686 ire
801 1628 919 1705 pulpito
944 1636 1026 1704 petet
1050 1627 1269 1686 berecdicliooem
1293 1630 1328 1687 ab

129 1708 276 1784 Episcopo.
319 1708 421 1767 Finito
434 1709 593 1784 Evanpclio
606 1709 757 1768 Diaconos
770 1710 869 1785 offam
890 1709 998 1768 citrum
1016 1709 1170 1784 Eocopelii
1186 1709 1328 1786 Episcopo

129 1791 167 1846 od
180 1788 489 1848 osculandum-MS.
507 1789 560 1871 Ι).]
634 1832 638 1840 ·

186 1867 352 1928 Secundum
365 1870 539 1929 Muttlroeum
552 1871 601 1949 (it
621 1870 729 1952 13-18].

187 1949 227 2006 In
240 1950 292 2008 illo
307 1957 437 2028 tempore
451 1953 584 2029 Angelus
599 1952 723 2010 Domini
736 1952 874 2029 apparuit
890 1953 922 2010 in
935 1953 1045 2010 somnis
1059 1953 1081 2010 J
1082 1951 1171 2029 oseph
1184 1971 1274 2028 neque
1288 1953 1329 2010 ad

128 2031 223 2089 noluit
237 2032 388 2105 consolari,
402 2034 473 2110 quia
486 2053 545 2091 non
564 2039 641 2091 sunt.

188 2111 289 2170 Credo.

165 2218 168 2223 ·
188 2192 380 2267 offertorium.

186 2273 300 2331 Anima
312 2281 414 2333 nostra
427 2275 503 2333 sicut
522 2295 621 2352 pesser
639 2281 739 2353 erepte
756 2282 802 2334 est
820 2276 857 2334 de
874 2276 978 2352 laqueo
991 2276 1187 2336 venantium:
1207 2275 1329 2351 laqueus

129 2354 271 2412 contritus
284 2361 338 2428 est,
352 2362 383 2413 et
395 2375 449 2413 nos
462 2357 581 2415 liberati
593 2376 701 2415 sumus.

187 2434 306 2494 Secreta.

188 2515 363 2574 Sanctorum
376 2524 497 2588 tuorum
512 2517 722 2576 Innocentium
735 2519 829 2592 nobis,
845 2519 981 2592 Domine,
996 2517 1046 2596 pia
1058 2538 1121 2575 non
1134 2518 1210 2576 desit
1223 2517 1327 2591 oratio,

128 2616 192 2672 quae
205 2603 236 2654 et
249 2616 371 2656 munera
383 2606 486 2656 nostra
498 2599 555 2656 tibi
568 2599 712 2673 conciliet,
728 2606 759 2658 et
779 2607 864 2658 tuam
879 2601 964 2657 nobis
979 2600 1194 2677 indulgentiam
1214 2619 1329 2676 semper

129 2678 268 2736 obtineat.
312 2678 371 2737 Per
384 2679 555 2737 Dominum.

186 2759 336 2834 Praefario.
379 2761 457 2831 Quia
469 2780 522 2837 per
534 2761 688 2819 incarnati.
732 2760 998 2819 communicantes.

188 2837 366 2899 Communia
692 2882 693 2886 κ

186 2920 259 2977 Vox
279 2921 312 2978 in
332 2921 429 2979 Rama
441 2922 543 2980 audite
555 2929 608 2992 est,
622 2922 754 2998 ploratus
773 2928 802 2980 et
821 2922 970 2996 ululatus3
994 2921 1106 2990 Rachel
1119 2922 1237 2998 plorans
1251 2921 1327 2980 filios

132 3018 193 3059 suos
205 3001 304 3060 noluit
317 3002 461 3060 consolari
474 3003 544 3079 quia
556 3023 617 3060 non
630 3009 708 3060 sunt.

185 3081 427 3143 Poetcommune'c

185 3162 308 3236 Votiva,
334 3163 471 3236 Domine,
494 3164 572 3222 dona
598 3163 787 3241 percepimus,
813 3184 879 3240 quae
906 3169 1076 3222 sanctorum
1099 3169 1221 3221 tuorum
1242 3164 1328 3222 nobis

132 3243 260 3317 precibus
274 3249 305 3302 et
324 3245 475 3321 praesentis
488 3245 568 3318 vitae,
583 3265 758 3322 quaesumus
772 3247 885 3321 pariter
902 3254 933 3302 et
951 3250 1067 3302 aeternae
1084 3244 1182 3302 tribue
1196 3244 1328 3304 conferre

132 3323 297 3382 subsidium.
341 3325 400 3384 Per
413 3324 606 3384 Dominum‘

188 3401 241 3484 [Et
261 3405 371 3464 dicitur
384 3406 597 3465 Benedicamus
615 3407 753 3481 Domino,
768 3407 829 3466 nisi
845 3407 1002 3466 Dornioc'cc
1011 3405 1119 3481 fuerit,
1135 3407 1330 3466 benedicetur

131 3483 183 3558 Ite,
199 3485 287 3544 missa
300 3487 461 3547 est—MS.
476 3484 529 3567 Ι).]
568 3503 570 3507 ·

188 3743 242 3825 [Io
266 3744 313 3803 dic
338 3744 433 3803 sancti
461 3744 577 3803 wem
600 3743 696 3803 Missa
723 3745 904 3821 capitularis,
929 3754 964 3802 ut
991 3764 1083 3820 cupro
1104 3744 1140 3803 io
1162 3745 1209 3804 die
1236 3748 1330 3806 euecti

128 3824 267 3902 Stephani
276 3833 403 3884 notatur.
447 3825 587 3901 Officium.
619 3827 699 3884 Puer
708 3834 803 3884 natus.
847 3825 956 3885 Oratio.
999 3825 1327 3902 Concedequaesumus.

128 3904 271 3966 Honorio
284 3907 319 3964 de
332 3914 430 3964 sancto
443 3905 586 3982 Stephano
600 3917 626 3965 et
639 3908 673 3964 dc
686 3917 784 3965 caneto
796 3906 938 3979 Joleorrm,
954 3907 989 3965 dc
1002 3906 1213 3981 Inrwcentibuo,
1228 3917 1254 3967 ct
1266 3909 1330 3968 olio

129 3985 229 4047 Oratio
243 3988 284 4046 ad
296 3995 404 4046 nutum
417 3985 711 4047 &occatoris-MS.
728 3985 781 4068 Ι).]

408 4119 449 4177 Iu
469 4118 591 4176 ΝΛΜ
611 4135 716 4178 sarcir
736 4117 858 4177 Tecum
877 4118 1053 4179 Miseram.

189 4244 343 4328 [oronites
354 4246 389 4306 io
400 4247 491 4325 capis
503 4248 609 4319 comem,
625 4249 715 4325 prices
724 4248 812 4324 facto
821 4250 1007 4326 processione,
1022 4248 1215 4308 ar'Dominicc
1220 4248 1326 4324 suerri,

112 4329 232 4389 -Roeor
245 4326 335 4391 Olwri
347 4329 471 4406 ὑποψίαι
488 4328 735 4404 Officium—MS.
751 4328 804 4411 Ι).]

188 4408 238 4467 Ao
250 4408 384 4468 Miaroao.
427 4410 566 4485 Officium.
610 4411 776 4469 Laetabitur
790 4407 892 4488 justus
904 4411 938 4468 in
951 4410 1088 4470 Domino.

190 4486 301 4570 [Kyrie
318 4511 385 4550 cum
405 4491 545 4566 Vertitur,
567 4491 593 4550 Ο
612 4511 666 4550 rex
684 4492 818 4552 clemens.
862 4491 1007 4550 Gloriain
1020 4489 1258 4550 excelsis—MS.
1275 4488 1327 4571 Ι).]
