2918 4986
434 366 617 432 Dominieo
630 366 673 431 in
686 365 810 432 Roneis
824 366 1037 432 Paeanem.
1287 369 1327 431 85

132 541 226 592 terras
238 553 247 606 ;
274 539 304 592 et
326 534 579 611 appropinquante
598 533 670 592 hora
690 534 833 610 passionis
855 553 915 591 suae
933 533 1171 610 Hierosolymam
1193 534 1225 589 in
1249 533 1331 592 asino

131 615 235 673 sedens
250 615 359 688 venire,
375 622 405 673 et
423 634 441 672 a
459 615 554 673 turbis
574 635 628 672 rex
648 615 790 691 appellari
810 615 974 672 aclaudari
985 615 1082 672 voluit
1091 635 1100 688 ,-
1120 613 1331 694 beneffldicere

130 696 251 773 dignare
270 697 323 755 hos
342 696 507 772 palmarum
525 701 747 771 ceterarumque
764 696 904 753 arborum
917 715 1020 768 ramos,
1037 700 1073 753 ut
1090 715 1191 753 omnes
1212 695 1264 772 qui
1281 715 1330 753 eos

132 777 224 834 laturi
246 782 324 849 sunt,
341 778 384 835 ita
397 775 650 860 beneffldictionis
666 783 726 834 tuae
744 777 820 834 dono
834 776 1011 853 repleantur,
1028 782 1172 852 quatenus
1187 782 1218 834 et
1231 777 1263 832 in
1277 776 1332 832 hoc

115 858 236 915 saeculo
260 858 354 916 hostis
381 858 498 933 antiqui
525 863 710 915 tentamenta
737 877 881 933 superare,
908 863 938 915 et
961 857 994 914 in
1017 857 1119 915 futuro
1143 877 1210 915 cum
1233 857 1332 934 palma

131 939 261 996 victoriae
277 943 307 997 et
321 939 421 997 fructu
435 939 580 996 bonorum
594 958 715 1014 operum
733 939 791 995 tibi
803 938 922 996 valeant
939 957 1087 1015 apparere.
1130 938 1189 996 Per
1206 937 1331 996 eundem

131 1019 291 1078 Christum.

191 1101 323 1158 Oramus.

190 1181 299 1239 Oratio.

190 1261 385 1338 Omnipotens
406 1261 496 1334 Deus,
510 1261 615 1318 mundi
635 1262 770 1319 conditor
790 1267 819 1319 et
840 1261 1016 1337 redemptor,
1038 1261 1090 1337 qui
1110 1267 1218 1318 nostrae
1237 1261 1329 1319 salva

129 1342 219 1400 tionis
241 1343 337 1419 gratia
354 1363 391 1400 ex
415 1361 530 1399 summa
554 1343 617 1399 caeli
637 1363 703 1400 arce
725 1343 906 1414 descendere,
928 1361 1045 1399 carnem
1067 1361 1189 1414 sumere,
1213 1347 1327 1418 et'pas-

131 1424 241 1481 sionem
268 1424 366 1481 subire
393 1423 531 1500 dignatus
554 1443 603 1495 es,
636 1424 754 1499 quique,
779 1443 845 1481 cum
870 1424 907 1480 ad
935 1423 1093 1480 salutarem
1117 1423 1327 1498 redemptionis

131 1514 236 1561 nostrae
250 1504 402 1562 victimam
415 1504 598 1580 properabas,
614 1524 632 1561 a
651 1505 747 1562 turbis
761 1518 834 1561 cum¹
847 1504 936 1560 ramis
956 1503 1121 1580 palmarum
1136 1503 1326 1560 obviantibus

131 1585 270 1656 benedici,
285 1584 407 1657 laudari,
426 1592 457 1642 et
478 1604 532 1641 rex
555 1585 725 1642 benedictus
748 1585 780 1641 in
800 1586 920 1642 nomine
942 1584 1066 1642 Domini
1086 1584 1228 1660 appellari
1250 1583 1327 1641 clara

130 1685 198 1723 voce
219 1666 359 1738 voluisti,
386 1671 430 1737 tn,
455 1665 591 1737 Domine,
615 1665 801 1724 confessionis
822 1671 929 1723 nostrae
949 1666 1149 1723 laudationem
1170 1664 1327 1741 dignanter

130 1747 259 1822 suscipe3
281 1752 311 1804 et
323 1747 378 1804 hos
391 1747 555 1822 palmarum
569 1753 658 1823 atque
678 1747 785 1803 florum
805 1767 901 1804 ramos
915 1744 1125 1824 beneffldicere
1139 1751 1169 1803 et
1189 1744 1324 1824 sanetiffl

130 1827 214 1884 ficare
234 1826 363 1904 digneris
373 1847 382 1900 ;
406 1832 441 1884 ut
455 1828 623 1903 quicunque
643 1828 674 1884 in
695 1834 754 1885 tusa
776 1828 941 1885 devotionis
955 1827 1093 1903 obsequio
1112 1826 1219 1884 exinde
1232 1833 1325 1903 gesta-

129 1908 212 1981 rerit,
243 1908 351 1966 caelesti
378 1908 582 1966 benedictione
606 1909 804 1966 sanctificatus
832 1909 958 1966 salutem
985 1912 1016 1966 et
1038 1908 1202 1980 sanitatem,
1229 1927 1325 1984 pecca-

129 1993 284 2064 torumque
307 1989 507 2047 remissionem
531 2009 565 2046 ac
589 1989 659 2046 vitae
681 1996 798 2047 aeternae
822 1990 943 2066 praemia
963 1990 1100 2065 consequi
1120 1994 1276 2060 mereatur,
1296 1996 1325 2044 te

128 2075 285 2141 annuente,
299 2070 352 2145 qui
364 2070 441 2126 vivis
455 2075 485 2127 et
498 2068 628 2146 regnas*

186 2150 300 2208 Deinde
314 2159 506 2226 aspernaretur
527 2171 606 2225 aqna
626 2151 779 2223 benedicta,
795 2161 821 2209 et
836 2160 936 2227 postea
957 2151 1168 2226 thurificentur,
1184 2161 1209 2208 et
1230 2151 1328 2209 distri-

128 2231 257 2289 buantur
266 2256 275 2290 :
297 2241 323 2289 et
334 2233 369 2288 in
382 2231 585 2289 distributione
597 2233 770 2307 paintarum
785 2242 937 2290 cantentur
950 2232 994 2288 lece
1004 2231 1178 2307 Antepleoms
1186 2229 1325 2310 [Pressera-

127 2320 184 2369 tore
198 2312 467 2388 incipiente-MS.
485 2309 538 2392 D.]

186 2392 277 2450 Pueri
299 2393 504 2465 Hebraeorum,
525 2393 662 2452 tollentes
684 2414 780 2451 ramos
801 2394 955 2467 olivarum,
971 2393 1165 2451 obviaverunt
1185 2393 1322 2464 Domino,

127 2473 286 2531 clamantes
300 2481 330 2532 et
344 2474 489 2532 dicentes:
513 2474 658 2532 Hosanna
672 2476 704 2532 in
718 2475 847 2532 excelsis.

185 2553 364 2630 Antiphone.

187 2634 278 2693 Pueri
299 2635 494 2693 Hebraeorum
516 2636 693 2693 vestimenta
714 2637 940 2712 prosternebant
964 2637 997 2692 in
1021 2636 1077 2708 via,
1104 2642 1134 2693 et
1158 2636 1324 2694 clamabant

127 2715 273 2774 dieentes:
292 2716 437 2774 Hosanna
447 2716 525 2773 Filio
537 2716 634 2774 David
646 2737 655 2788 5
675 2717 853 2774 Benedictus
864 2717 916 2793 qui
926 2717 1009 2774 venit
1020 2718 1052 2773 in
1062 2717 1181 2794 nomine
1192 2717 1322 2774 Domini.

187 2796 257 2853 Ant.
309 2797 454 2854 Hosanna
482 2797 559 2854 Filio
587 2797 706 2869 David,
739 2798 917 2855 Benedictus
948 2798 999 2872 qui
1026 2798 1110 2854 venit
1141 2796 1174 2852 in
1206 2797 1324 2854 nomine

127 2877 257 2949 Domini,
279 2897 334 2935 rex
355 2878 454 2936 Israel.
499 2878 643 2935 Hosanna
663 2877 695 2934 in
716 2878 844 2935 excelsis.

128 2962 131 2974 '
184 2957 256 3016 Post
283 2958 516 3017 distributionem
544 2958 717 3034 palmorum
745 2959 823 3015 dieat
851 2958 1016 3018 Proebttast
1048 2955 1202 3036 [Enecator
1231 2957 1324 3032 Officii

125 3038 189 3096 Ms.
206 3037 259 3119 D.]
280 3038 464 3097 Versieaiane.

184 3120 234 3176 Ex
258 3139 308 3177 ore
332 3120 499 3189 infantium,
521 3120 611 3192 Deus,
634 3125 665 3177 et
686 3119 860 3176 lactentium
885 3119 1031 3194 perfecisti
1050 3118 1177 3190 laudem,
1202 3125 1323 3195 propter

125 3200 258 3258 inimicos
278 3207 354 3259 tuos.

184 3281 317 3339 Oremus.

185 3361 294 3420 Oratio.

183 3442 377 3519 Omnipotens
388 3443 563 3520 sempiterne
573 3443 663 3515 Deus,
674 3443 725 3518 qui
737 3442 899 3500 Dominum
910 3449 1045 3500 nostrum
1053 3442 1075 3499 J
1077 3462 1159 3500 esum
1169 3441 1322 3501 Ohristum·

122 3522 169 3580 die
183 3542 352 3598 azymorum
366 3543 453 3600 super
466 3525 581 3600 pullum
598 3524 687 3581 asinae
705 3524 804 3581 sedere
818 3524 945 3596 voluisti,
960 3544 993 3582 ac
1006 3543 1111 3600 pueros
1125 3523 1322 3581 Hebraeorum

121 3604 301 3661 vestimenta
327 3604 375 3662 vel
398 3624 494 3662 ramos
516 3605 662 3662 olivarum
685 3605 717 3661 in
741 3605 791 3662 via
817 3611 954 3677 sternere,
971 3611 1001 3662 et
1028 3605 1061 3661 in
1084 3604 1201 3662 laudem
1229 3605 1321 3681 ipsius

123 3683 267 3742 Hosanna
280 3684 357 3742 Filio
371 3685 470 3743 David
484 3685 639 3743 decantare
653 3686 797 3757 docuisti,
817 3686 861 3758 da,
874 3705 1049 3761 quaesumus,
1064 3691 1099 3742 ut
1112 3681 1321 3743 innocentium

122 3763 240 3822 laudem
259 3766 293 3822 in
312 3766 423 3841 templo
444 3765 635 3823 clamantium
656 3773 686 3823 et
706 3786 807 3823 eorum
827 3767 933 3823 merita
953 3767 986 3824 in
1003 3766 1166 3824 caelestibus
1183 3767 1321 3842 consequi

123 3863 293 3904 mereamur.
337 3846 396 3904 Per
409 3847 536 3904 eundem
551 3847 712 3904 Christum.

182 3941 257 4000 Edd.
287 3939 374 4000 MSSL
402 3942 437 4000 B.
462 3952 488 4001 et
515 3941 635 4002 n-Jn
661 3944 705 3999 in·
807 3940 1320 4023 [MS.D.—DeindeineeptaaPrae-

122 4041 220 4094 pressa
234 4023 431 4098 processionis.
475 4022 579 4098 Sisque
591 4024 705 4099 incepta
745 4033 853 4081 centone
863 4024 947 4082 Ante
955 4045 1007 4083 sex
1016 4025 1086 4098 dies,
1097 4025 1320 4101 eneatprocessio

123 4100 293 4178 Antiphone
320 4105 449 4179 sequenti
472 4125 492 4161 a
517 4106 701 4176 Proeeentore,
744 4101 1200 4185 directepereorpasEecOsioe'ad
1208 4105 1321 4162 carrena

120 4185 255 4256 procedat
263 4185 407 4260 processio
420 4205 511 4261 usqne
525 4185 688 4244 tentorium.
745 4185 950 4262 archiepiscopi
963 4207 997 4244 en
1012 4197 1095 4262 parte
1109 4185 1214 4244 boreali
1231 4184 1323 4242 Eccle-

747 4267 804 4337 siae,
817 4276 843 4324 et
856 4266 898 4324 ibi
912 4263 1101 4346 fiotstetioff
1148 4288 1151 4296 ·

179 4391 191 4416 ¹
217 4391 270 4437 MS.
291 4392 317 4439 O.
330 4393 402 4439 omits
419 4393 458 4439 ibe
474 4393 609 4440 ramainder
625 4393 650 4439 of
672 4392 722 4440 this
739 4397 794 4452 part
811 4394 837 4440 of
858 4396 899 4440 the
916 4394 997 4454 Obice,
1013 4394 1060 4439 and
1080 4407 1137 4452 goes
1155 4406 1186 4437 on
1204 4392 1263 4437 with
1281 4394 1322 4438 the

122 4449 160 4494 Ad
170 4450 276 4497 Missam.

346 4509 360 4571 †
379 4509 419 4558 Vel
427 4510 538 4557 Sacerdos
548 4519 649 4575 capoten,
659 4511 680 4558 si
689 4511 801 4558 Proelatas
810 4527 855 4558 non
865 4511 1048 4573 affuerit-MS.
1060 4510 1087 4560 E.
