2886 4994
113 364 177 427 240
246 357 388 426 Sabbata
411 354 578 435 Quattuor
600 350 803 436 Temporum
823 349 955 414 Metuis
975 350 1192 436 &murti-ia

174 525 270 584 Lectio
283 523 353 582 libri
367 519 488 579 mutui
501 517 601 591 (miii.
619 516 735 593 26-32).

174 607 213 665 In
226 606 330 664 diebus
342 603 411 673 illis,
427 601 558 658 Locutus
570 606 616 655 est
629 597 778 653 Dominus
790 595 829 653 ad
842 595 981 673 Moysen,
995 597 1122 672 ἅψῃ
1142 601 1269 658 Mum
1280 602 1321 658 dig

114 689 223 748 mensis
242 687 332 761 hujus
353 683 473 759 septimi
492 700 581 754 usqum
601 679 642 735 od
656 677 800 754 usquead
813 696 973 754 vesperum
992 679 1189 739 celebrabitis
1207 683 1321 740 sabbata

115 775 223 838 vestra,
238 768 311 824 dicit
325 765 472 822 Dominus
485 762 679 836 omnipotens

179 864 314 924 &aaa

180 945 332 1021 Propitius
353 948 425 1010 esto,
445 938 581 1009 Domine,
604 936 732 1013 peccatis
754 935 882 993 nostris:
913 939 1075 1013 nequando
1095 939 1203 998 dieunt
1222 948 1322 1018 gentes,

120 1028 185 1089 Ubi
198 1034 244 1084 est
258 1025 340 1082 Deus
353 1041 454 1080 eorum
465 1022 476 1078 l

125 1110 155 1167 V.
181 1107 305 1183 Adjuva
317 1124 380 1174 nos,
395 1102 478 1159 Deus
490 1097 629 1156 salutaris
641 1103 760 1156 noster:
788 1103 819 1155 et
838 1104 961 1174 propter
973 1099 1121 1159 honorem
1135 1103 1266 1161 nominis
1277 1104 1321 1172 tui,

121 1190 259 1258 Domine,
273 1186 367 1243 libera
380 1203 441 1240 nos.

182 1285 310 1343 Nrrltuut
324 1279 452 1340 Grudote
466 1286 614 1354 repetatur
621 1283 688 1353 poet
709 1274 836 1335 Versum.

184 1380 295 1441 Oratio.

184 1463 234 1519 Da
259 1461 354 1532 nobis,
378 1474 556 1534 quaesumus,
582 1455 769 1530 omnipotens
792 1452 884 1525 Deus,
908 1460 945 1511 ut
967 1455 1139 1531 jejunando
1163 1467 1220 1518 tus
1240 1459 1322 1538 gratie

124 1545 275 1615 satiemur,
292 1547 324 1599 et
343 1538 519 1598 abstinendo
539 1536 654 1594 eunctis
673 1534 834 1593 efficiamur
853 1534 990 1594 hostibus
1009 1537 1162 1598 fortiores
1205 1541 1320 1600 PerDc

126 1626 242 1685 minum
255 1628 401 1680 nostrum

189 1721 285 1779 Lectio
299 1719 369 1776 libri
382 1715 504 1792 Loutia
517 1713 618 1791 (aaut.
636 1713 754 1792 3943).

187 1803 227 1860 In
240 1800 344 1858 diebus
362 1799 433 1870 illis,
448 1797 580 1854 Locutus
599 1801 644 1853 est
660 1795 809 1852 Dominus
821 1794 860 1852 ad
879 1794 1016 1871 Moysen,
1030 1797 1154 1872 dieens;
1175 1800 1320 1871 Quintode

127 1885 204 1944 oimo
217 1883 265 1940 die
278 1881 386 1938 mensis
399 1878 519 1955 septimi
532 1897 623 1952 usque
635 1876 678 1933 ad
689 1881 725 1933 ut
737 1876 854 1933 ducant
866 1878 978 1952 posteri
991 1880 1088 1936 vestri
1100 1881 1185 1958 quod
1197 1883 1231 1940 in
1241 1883 1320 1940 taber·

128 1964 243 2025 naculis
255 1963 390 2020 habitare
406 1959 527 2017 fecerim
539 1959 618 2015 filios
632 1957 734 2028 Israel,
745 1977 813 2014 cum
826 1957 981 2015 educerem
993 1978 1046 2017 eos
1057 1961 1097 2018 de
1110 1969 1194 2022 tenu
1202 1961 1318 2041 AEgypti

130 2048 195 2124 Ego
208 2043 356 2101 Dominus
368 2041 453 2100 Deus
466 2045 574 2098 vester.

193 2139 349 2280 (liioaiidiitiir
361 2223 471 2287 nostor,
484 2216 589 2292 aspice,
604 2214 688 2273 Deus
699 2235 706 2273 :
726 2220 757 2273 et
770 2215 881 2292 respice
893 2235 983 2293 super
994 2238 1098 2279 servos
1111 2227 1189 2283 tuos

138 2305 168 2365 V.
195 2302 323 2359 Domine
336 2300 419 2357 Deus
432 2298 599 2354 virtutum:
619 2296 730 2354 exaudi
742 2315 842 2373 preces
855 2317 1009 2356 servorum
1022 2308 1156 2363 tuorum.

195 2399 485 2554 &iiiiquaesumus
499 2475 636 2546 Domine,
647 2474 792 2533 familiam
802 2481 894 2547 tuam,
904 2482 940 2534 ut
949 2479 1057 2537 salutis
1070 2487 1191 2541 aetemoe
1204 2480 1321 2548 remella

136 2583 206 2707 (1ξὲιῇ
208 2569 246 2700 rii
245 2561 409 2701 11aLtspirante
421 2556 608 2635 requirimus,
624 2563 655 2614 te
675 2558 819 2635 largiente
832 2577 1054 2635 consequamur.
1099 2562 1160 2621 Per
1181 2565 1324 2624 Dominum

201 2741 293 2801 Lectr‘o
308 2739 437 2798 ulliolueae
450 2737 600 2813 Propheta
617 2737 685 2813 (vii.
704 2736 750 2807 14,
767 2735 813 2808 16,
830 2735 944 2816 lato).

201 2823 328 2883 Domine
342 2822 424 2879 Deus
437 2825 546 2891 noster,
559 2838 643 2894 pasce
656 2819 798 2895 populum
812 2824 898 2875 tuum
911 2821 944 2875 in
958 2821 1044 2897 virga
1057 2828 1113 2880 tua
1125 2845 1218 2901 usque
1227 2827 1266 2885 ad
1277 2841 1328 2901 qua

136 2907 245 2985 ¹jurasti
258 2904 392 2981 patribus
404 2901 515 2960 nostris
528 2919 546 2957 a
559 2900 663 2957 diebus
675 2900 816 2975 antiquis,
832 2900 960 2958 Domine
974 2902 1057 2960 Deus
1066 2911 1177 2965 noster.

203 2985 358 3144 biiliiiiir
371 3062 465 3121 oratio
478 3081 544 3119 mea
556 3061 633 3118 siout
646 3061 798 3118 incensum
811 3062 845 3118 in
857 3069 1014 3138 conspeetu
1028 3069 1091 3138 tuo,
1107 3067 1244 3128 Domine.

149 3151 173 3210 V
172 3196 178 3209 .
206 3148 341 3242 Elouetio
355 3164 496 3203 manuum
509 3162 642 3201 mearum
655 3163 662 3200 z
685 3142 859 3244 sacrificium
872 3145 1084 3220 vespertinum

205 3230 324 3382 iiiiii,
340 3326 515 3385 qmesumus,
531 3304 667 3376 Domino,
683 3304 725 3361 sic
738 3323 791 3362 nos
804 3305 842 3361 ab
856 3300 950 3381 epulis
963 3307 1113 3366 abstinere
1127 3311 1298 3383 carnalibus,
1307 3314 1335 3365 ut

145 3415 162 3452 a
176 3393 258 3450 vitiis
272 3410 387 3467 quoque
401 3387 581 3446 irmentibus
594 3385 706 3461 pariter
714 3387 891 3462 jejimemus.
934 3386 993 3444 Per
1006 3388 1173 3448 Dominum
1186 3399 1320 3451 nostrum

206 3489 300 3547 Lectio
314 3486 467 3544 Zuolmriro
481 3483 628 3559 Propheta
645 3483 726 3558 (viii.
745 3482 861 3561 14-20).

206 3572 246 3628 Iu
259 3569 361 3626 diebus
375 3567 442 3639 illis,
459 3566 584 3623 Factum
596 3569 641 3621 est
653 3565 778 3620 verbum
792 3564 916 3622 Domini
928 3565 966 3622 ad
979 3585 1034 3637 me,
1050 3567 1169 3626 dicens:
1191 3569 1266 3629 Haec
1279 3569 1340 3628 dicit

148 3652 295 3712 Dominus
319 3650 401 3706 Deus
422 3647 623 3705 exercituum:
648 3643 732 3702 Sicut
752 3646 888 3722 cogitavi,
909 3652 945 3703 ut
964 3647 1124 3725 affligerem
1137 3669 1192 3708 vos
1209 3649 1341 3729 usquead

149 3743 179 3792 et
204 3731 353 3809 jejunium
376 3729 490 3800 decimi,
514 3728 571 3785 erit
594 3726 695 3783 domui
717 3725 804 3784 Judae
828 3727 859 3783 iu
880 3727 1021 3804 gaudium
1044 3735 1075 3786 et
1094 3729 1243 3805 laetitiam,
1268 3739 1296 3792 et
1315 3731 1342 3788 in

148 3813 359 3954 ffliffitffis
372 3810 524 3886 praeclaras
537 3830 543 3865 :
560 3806 720 3865 veritatem
732 3813 852 3865 tantum
862 3815 892 3865 et
905 3828 1007 3885 pacem
1017 3810 1140 3887 diligite,
1151 3813 1197 3871 ait
1207 3813 1342 3873 Dominus

214 3972 348 4034 Gratata.

212 4056 265 4115 Ad
278 4053 450 4120 Dominum,
464 4070 531 4107 cum
545 4049 711 4122 tribularer,
727 4049 870 4109 clamavi:
892 4058 923 4109 et
936 4053 1092 4110 exaudivit
1106 4075 1162 4114 me.

158 4141 187 4199 1⁷.
215 4136 351 4279 Βοιιίιιιιε,
364 4133 457 4190 libera
469 4132 599 4188 auirnam
613 4150 709 4189 meam
722 4152 729 4189 ε
749 4151 765 4188 a
780 4130 868 4189 labiis
880 4131 993 4209 iniquis
1006 4141 1037 4192 et
1050 4155 1069 4191 a
1082 4136 1187 4214 lingua
1200 4138 1307 4200 dolosa

242 4240 276 4277 να
292 4238 327 4275 ιο.

214 4304 257 4362 Ut
281 4319 343 4371 n03,
364 4293 501 4363 Domine,
524 4293 632 4350 tribuis
655 4292 787 4351 sollenne
810 4294 867 4351 tibi
887 4294 1000 4353 deferre
1016 4296 1176 4372 jejunium,
1199 4300 1243 4360 sic
1262 4299 1347 4370 nobis,

155 4401 330 4460 qumsumus,
346 4374 538 4453 indulgentiae
552 4381 659 4449 praesta
672 4374 844 4432 subsidium.
888 4377 946 4434 Per
959 4378 1128 4436 Dominum.

216 4478 313 4539 Lectio
323 4476 429 4554 quinto
438 4471 574 4549 Angelus
584 4469 708 4528 Domini
717 4480 743 4529 et
754 4481 843 4531 cetero
853 4482 887 4531 ut
897 4473 931 4532 iu
947 4474 1054 4550 l'iqilio
1063 4473 1179 4536 &note
1190 4477 1354 4540 Trinitatis.
