2918 4986
183 356 285 422 Ferio
310 357 347 422 ri.
374 357 539 439 Quattuor
563 359 762 444 Temperans
783 358 912 424 diensis
933 359 1138 445 Septcarabrio.
1196 366 1257 426 ί239

355 575 454 632 Ferus
475 575 577 633 Snxra
599 576 770 645 Qurrrooa
790 593 962 636 rnneonun.

122 687 260 761 Officium.

120 768 254 826 Laetetur
273 788 323 826 eor
341 769 538 844 quaerentium
552 769 733 829 Dominum:
755 772 878 847 quaerite
893 771 1064 846 Dominum,
1079 779 1110 830 et
1123 774 1257 831 confirm·

59 849 170 922 amini,
191 850 315 926 quaerite
328 850 432 907 faciem
447 852 511 926 ejus
524 870 645 928 semper.

120 931 266 988 Paeonas.

121 1011 312 1069 confitemini
321 1011 459 1085 Domino,
472 1018 502 1070 et
512 1013 648 1070 invocate
658 1032 765 1070 nomen
779 1015 856 1090 ejus:
875 1015 1053 1073 annuntiate
1066 1017 1145 1074 inter
1157 1024 1259 1093 gentes

58 1112 148 1169 opera
162 1094 233 1168 ejus.

121 1173 229 1232 Oratio.

120 1254 244 1326 Praesta,
260 1274 436 1330 quaesumus,
450 1256 636 1332 omnipotens
650 1256 741 1326 Deus,
757 1261 793 1312 ut
806 1257 1025 1315 observationes
1043 1278 1139 1317 sacras
1160 1280 1259 1318 annua

58 1335 214 1393 devotione
228 1336 396 1406 recolentes,
412 1343 442 1393 εὴ
456 1356 575 1412 corpore
588 1336 646 1393 tibi
659 1336 825 1412 placeamus
839 1344 869 1394 et
883 1345 990 1396 mente.
1021 1340 1079 1397 Per
1093 1340 1258 1399 Dominum

59 1423 196 1474 nostrum
209 1416 231 1473 J
232 1436 315 1474 esum
329 1417 490 1474 Christum,

120 1498 215 1556 Lectio
231 1498 297 1556 Osce
310 1497 460 1573 Prophetae
473 1497 547 1575 (nic.
564 1498 660 1575 2-10).

120 1578 195 1635 Haec
215 1578 288 1637 dicit
308 1579 455 1636 Dominus
465 1599 473 1651 3
495 1579 682 1651 Convertere,
698 1579 800 1648 Israel,
822 1580 859 1637 ad
874 1580 1037 1637 Dominum
1051 1581 1149 1640 Deum
1170 1589 1257 1640 tuum

60 1679 149 1734 uapore
162 1661 203 1717 od
216 1661 287 1734 quia
300 1667 385 1717 rectae
399 1660 455 1717 viae
470 1660 603 1733 Domini,
618 1667 648 1717 εὴ
657 1661 735 1737 justi
748 1662 944 1718 ambulabimt
957 1662 989 1718 in
1004 1663 1053 1719 eis.

121 1740 235 1798 Grodol
249 1785 255 1798 .

120 1821 307 1891 Convertere,
323 1822 459 1893 Domine,
474 1821 712 1898 aliquantulum:
733 1828 764 1879 et
777 1821 931 1898 deprecare
945 1843 1033 1899 super
1046 1843 1146 1882 servos
1159 1831 1234 1884 tuos.

66 1901 93 1959 V.
120 1902 257 1974 Domine,
272 1903 419 1978 refiigium
434 1902 529 1960 faetus
543 1923 574 1960 es
587 1903 690 1961 nobis:
711 1922 729 1960 a
741 1904 930 1978 generatione
944 1911 974 1961 et
987 1906 1134 1982 progenie.

119 1983 286 2042 Secundum
299 1983 411 2041 Lacona
425 1983 492 2059 (vii.
510 1982 623 2059 36-50).

120 2065 158 2122 In
178 2065 231 2122 illo
251 2071 391 2141 tempore,
407 2064 542 2141 Rogabat
556 2065 577 2122 J
579 2083 661 2123 esum
682 2064 802 2140 quidam
823 2063 990 2122 Pharisaeus
1010 2072 1046 2123 ut
1066 2068 1257 2127 manducaret

60 2164 126 2203 oum
139 2146 191 2203 illo
211 2166 300 2221 usqne
314 2148 354 2204 cd
368 2145 458 2203 Dixit
471 2152 571 2204 autem
585 2145 623 2204 ad
635 2145 807 2219 mulierem,
828 2146 917 2204 Fides
930 2152 983 2204 tua
996 2153 1027 2205 te
1040 2147 1154 2207 salvum
1167 2150 1256 2208 fecit:

59 2227 133 2284 vade
146 2227 180 2283 in
192 2246 270 2302 pace.

120 2307 313 2381 Qffertoriuoa.

118 2389 255 2459 Benedic,
270 2389 369 2445 anima
382 2408 455 2460 mea,
471 2388 618 2446 Domino:
639 2395 669 2446 et
689 2388 752 2446 noli
772 2388 906 2447 oblivisci
926 2409 1027 2449 omnes
1047 2393 1257 2452 retributiones

52 2471 140 2547 ejus:
161 2477 191 2528 εὴ
204 2470 396 2528 renovabitur
409 2471 487 2528 sieut
500 2469 606 2546 aquilae
617 2471 762 2544 juventus
775 2476 836 2528 tua.

117 2550 237 2609 Secreto.

117 2633 250 2709 Accepta
270 2632 331 2688 sint
349 2632 416 2703 tibi,
436 2631 573 2701 Domine,
594 2649 769 2706 quaesumus,
790 2630 885 2687 nostri
905 2631 983 2688 dona
999 2632 1116 2708 jejunii,
1139 2653 1205 2710 quae
1225 2644 1256 2694 et

46 2712 203 2791 expiando
223 2733 276 2770 nos
297 2719 349 2770 tua
369 2713 467 2788 gratia
487 2712 589 2789 dignos
606 2710 741 2781 efficiant,
755 2717 785 2769 et
798 2710 837 2768 ad
847 2711 1025 2788 sempiterna
1037 2713 1179 2790 promissa
1193 2735 1255 2793 per-

40 2795 174 2853 ducant.
217 2795 276 2852 Per
289 2793 460 2850 Dominum.

61 2883 64 2887 '
118 2868 300 2934 Communia.

116 2956 214 3013 Aufer
226 2976 244 3012 a
261 2975 309 3013 me
324 2954 519 3031 opprobrium
540 2960 570 3011 et
591 2959 810 3028 contemptum:
832 2953 902 3029 quia
922 2954 1062 3013 mandata
1081 2960 1135 3014 tua
1155 2959 1255 3035 exqui-

38 3038 122 3109 sivi,
138 3036 284 3094 Domine:
305 3056 375 3092 nam
390 3041 421 3093 et
434 3034 605 3093 testimonia
618 3041 672 3092 tua
685 3034 839 3092 meditatio
854 3054 919 3092 mea
932 3041 984 3094 est

115 3117 357 3176 Poatoomoauna'o.

115 3199 299 3270 Quaesumus,
323 3197 511 3274 omnipotens
535 3196 625 3267 Deus,
650 3202 685 3253 ut
713 3196 748 3253 de
774 3195 919 3272 perceptis
946 3197 1119 3257 muneribus
1145 3201 1255 3278 gratias

25 3280 236 3350 exhibentes,
251 3279 393 3337 beneficia
405 3278 523 3356 potiora
536 3297 693 3334 sumamus.
738 3277 796 3334 Per
810 3277 981 3336 Dominum.

388 3485 526 3543 Sensuro
548 3484 718 3553 Quirinos
738 3483 919 3541 Taneoaun.

112 3598 251 3739 gliinciiin
248 3644 403 3738 adoremus
423 3679 532 3750 Deum,
553 3683 585 3736 et
604 3676 791 3753 procidamus
810 3682 881 3734 ante
902 3676 1083 3737 Dominum:
1108 3679 1256 3757 ploremus

19 3771 122 3824 ante
136 3781 205 3820 eum
218 3762 271 3837 qni
283 3761 354 3818 feeit
366 3779 440 3818 nos:
461 3759 532 3835 quia
544 3759 607 3836 ipse
620 3765 666 3816 est
680 3757 828 3815 Dominus
842 3757 925 3815 Deus
938 3765 1047 3816 noster.

56 3976 62 3986 .
110 3842 431 3996 iiiiiieffixsuleemus
445 3920 592 3979 Domino:
609 3919 772 3994 jubilemus
787 3919 851 3977 Deo
865 3919 990 3977 salutari
1003 3927 1111 3980 nostro.

113 4005 219 4064 Omnes
246 4004 397 4062 Orationes
420 4010 563 4077 soquentes
589 4001 717 4058 dicendo
743 4008 812 4057 sont
835 3999 898 4058 aine
920 4000 1067 4059 Dominus
1092 4002 1252 4076 vobiscum,

24 4095 165 4165 &coepto
179 4085 316 4180 (tratione
329 4085 411 4142 Deua
425 4083 478 4160 qui
490 4083 586 4140 tribus
600 4081 706 4158 pueris,
717 4080 868 4156 montiaco
884 4090 999 4139 tantona
1014 4083 1147 4140 Oremus.

110 4167 309 4324 giriiiiopotens
328 4244 506 4321 sempiterne
529 4243 620 4315 Deus,
644 4242 697 4319 qui
722 4261 775 4318 per
801 4241 1015 4300 continentiam
1042 4242 1200 4303 salutarem
1224 4252 1255 4305 et

34 4330 223 4410 corporibus
236 4328 361 4386 mederis
371 4333 402 4384 et
415 4326 582 4397 mentibus;
602 4325 787 4400 majestatem
800 4328 884 4380 tuam
903 4323 1266 4406 suppliciterexoramus,¹

33 4423 80 4476 ut
105 4412 161 4490 pia
179 4409 384 4488 jejunantium
403 4406 607 4484 deprecatione
627 4406 768 4482 placatus,
789 4410 821 4461 et
841 4405 997 4481 praesentia
1017 4404 1103 4464 nobis
1123 4407 1255 4468 subsidia

34 4496 181 4574 praebeas
195 4497 227 4551 et
239 4490 349 4549 futura.
392 4489 450 4547 Per
463 4487 627 4548 Dominum
640 4491 775 4546 nostrum
788 4484 810 4542 J
811 4504 893 4543 esum
907 4484 1067 4547 Christum.
