2918 4986
546 360 665 442 Canon
686 359 807 435 Missa.
947 384 948 387 ¹
1214 365 1276 425 185

217 525 281 586 MS.
305 525 340 585 B.
866 527 932 586 MS.
955 529 1124 610 Barasasa.

72 629 221 688 debannis
242 638 273 689 et
286 630 382 704 Pauli,
398 630 511 689 Cosmse
531 635 562 689 et
576 630 725 703 Damiani,
746 637 777 689 et
797 633 930 709 omnium
951 633 1126 691 Sanctorum
1146 637 1276 704 tuorum,

73 746 202 803 quorum
222 728 335 786 meritis
355 729 548 805 precibusque
568 721 717 802 concedas,
738 729 826 786 utin
848 730 984 788 omnibus
1004 729 1196 807 protectionis
1216 736 1289 786 tuss-

73 824 246 882 munismur
258 825 378 883 auxilio.
415 826 473 883 Per
490 826 615 883 eundem
630 826 782 884 Christum
795 827 959 886 Dominum
972 814 1116 886 nostrum.
1148 825 1276 884 Amen*

74 919 228 997 Hispanias
247 921 316 980 VII.
339 923 476 981 institnit.
761 923 843 983 Item.

74 1001 112 1060 Et
121 1023 190 1060 eam
200 1003 285 1072 dicat,
291 1024 404 1080 passam
414 1014 477 1062 tan

73 1084 121 1167 pat
137 1082 273 1156 Calenam,
289 1085 387 1144 dicens
396 1109 407 1146 .·

132 1180 225 1238 Hanc
238 1181 332 1258 igitur
344 1181 524 1239 oblationem
537 1181 691 1240 servitutis
704 1186 821 1254 nostrae,
838 1183 888 1239 sed
902 1188 932 1240 et
946 1188 1059 1241 cunctae
1072 1182 1191 1240 familiae
1206 1187 1276 1256 tuse,
1310 1199 1312 1207 ’

70 1295 252 1352 qua-sumus,
267 1278 403 1352 Domine,
419 1286 454 1338 ut
466 1280 599 1356 placatus
612 1279 746 1356 accipias,
761 1280 881 1356 diesque
894 1286 1010 1337 nostros
1023 1280 1056 1336 in
1069 1285 1123 1337 tua
1136 1299 1207 1356 pace
1220 1280 1277 1336 dis-

66 1390 174 1448 ponas,
191 1380 281 1450 atque
300 1376 338 1433 ab
359 1381 469 1434 aeterna
489 1376 679 1434 damnatione
698 1396 752 1434 nos
772 1376 855 1453 eripi,
871 1382 901 1433 et
921 1377 952 1433 in
975 1375 1134 1434 electorum
1154 1382 1275 1434 tuorum

53 1467 173 1542 jubeas
187 1490 274 1548 grege
287 1473 444 1531 numerari
488 1472 548 1530 Per
561 1472 713 1530 Christum
728 1473 892 1531 Dominum
904 1479 1047 1531 nostrum.
1091 1473 1221 1537 timent

131 1665 231 1736 Quam
257 1667 437 1726 oblationem
464 1674 509 1741 tu,
532 1668 615 1726 Deus
642 1667 855 1745 omnipotens,‡
875 1667 908 1724 in
931 1668 1076 1738 omnibus,
1097 1687 1273 1744 quaesumus,

660 1833 663 1839 Ι
757 1765 817 1823 Hic
839 1766 1016 1824 benedicetur
1037 1775 1079 1824 ter
1103 1774 1164 1823 tam
1187 1786 1275 1842 snper

755 1846 894 1904 Hostiam
914 1867 1004 1921 qaam
1030 1866 1117 1923 saper
1139 1845 1272 1921 Calicem,

755 1927 876 1986 dicendo
887 1949 897 1985 :

40 2019 305 2106 beneffldictam,
341 2025 548 2105 ascrifflptam,
582 2024 729 2106 raptam,
762 2024 978 2097 rationabilem,
1007 2025 1274 2102 acceptabilemque

308 2142 310 2146 ’
466 2125 561 2183 facere
581 2124 719 2202 digneris,
740 2130 775 2181 ut
795 2124 880 2181 nobis

755 2220 815 2279 Hic
842 2221 1000 2297 separatim
1030 2222 1161 2296 npmtnr
1187 2241 1275 2298 snper

755 2302 901 2376 Hostiam,
917 2302 1062 2361 dicendo:

598 2381 742 2463 corffaepus

756 2464 816 2522 Hic
828 2485 915 2540 snper
929 2461 1062 2537 Calicem,

32 2568 90 2634 et
121 2557 286 2639 sanfflguis
312 2562 365 2618 fiat
392 2560 580 2619 delectissimi
605 2560 677 2618 Filii
703 2561 750 2617 tui
771 2560 895 2617 Domini
919 2560 1014 2617 nostri
1035 2560 1109 2618 Jesu
1131 2559 1250 2619 Christi.

31 2655 469 2733 Alenanderpapainstitait.
752 2657 813 2714 Hic
852 2665 971 2714 saraam
1009 2665 1101 2714 teneat
1134 2657 1273 2715 Hostiam

29 2733 217 2798 Inclinato
255 2739 347 2816 capite
384 2759 472 2815 srqrer
744 2737 860 2813 janctis
879 2737 1025 2809 manitas,
1047 2737 1191 2795 dicendo:

34 2814 263 2880 lintheamina
277 2819 414 2879 Hostiam
427 2840 472 2877 ac-
876 2864 878 2868 ,

32 2901 221 2979 cipando:

68 3068 72 3073 ⁴
125 2997 190 3068 Qui
209 2998 304 3074 pridie
325 3017 414 3075 quam
434 3004 594 3076 pateretur,
610 2997 722 3075 accepit
739 3016 847 3073 panem
864 2996 896 3053 in
915 3000 1030 3053 sanctas
1043 3015 1077 3053 ac
1090 2996 1272 3055 venerabiles

349 3118 455 3156 manus
468 3118 543 3170 suas,
560 3103 591 3156 et
604 3096 725 3156 elevatis
739 3097 831 3154 oculis
844 3098 877 3154 in
891 3097 995 3155 caelum

34 3191 121 3256 Hic
136 3195 207 3254 decet
221 3195 324 3268 oenias,
751 3194 810 3252 Hic
824 3194 905 3253 eleva
915 3193 1019 3273 tombs,
1036 3192 1149 3250 dicens:

65 3313 71 3320 ·
309 3374 312 3379 ⁴
329 3292 367 3349 ad
379 3298 410 3350 te
424 3293 522 3350 Deum
536 3297 650 3368 patrem
664 3310 751 3348 suum
766 3292 1006 3368 omnipotentem,

336 3381 338 3385 ’
750 3388 811 3446 Hic
824 3388 951 3461 inclinet,
967 3387 1080 3445 dicms:

509 3565 579 3623 Tibi
597 3566 708 3643 gratias
728 3586 825 3643 agens,

753 3664 811 3722 Hic
824 3665 916 3740 sipnet
929 3663 1076 3735 Hostiam,
1092 3663 1210 3720 dmens:

590 3744 745 3815 benedixit

751 3826 812 3883 Hic
826 3835 928 3902 tanqat
941 3826 1088 3898 Hostiam,
1104 3825 1220 3884 dicens:

595 3925 628 3963 ac
645 3905 744 3982 fregit,

47 4001 119 4066 Hie
135 4012 243 4080 tanqat
256 4003 402 4076 Hostiam,

46 4179 203 4261 deditque
226 4181 377 4259 discipulis
397 4180 466 4254 suis,
488 4180 596 4253 dicens,
619 4179 757 4256 Accipite
776 4186 807 4238 et
827 4181 1003 4239 manducate
1024 4200 1062 4238 ex
1082 4180 1137 4237 hoc
1157 4199 1266 4237 omnes.

426 4277 494 4334 Hoc
513 4282 559 4334 est
579 4277 659 4334 enim
679 4295 784 4353 corpus
804 4297 910 4335 meum.

316 4409 329 4434 ¹
345 4409 463 4467 Breviary
478 4408 549 4454 omits
564 4412 578 4436 “
585 4408 716 4453 Dominum
730 4410 847 4453 nostrum.
878 4408 978 4454 Amen.”

315 4481 328 4540 t
344 4480 462 4538 Brevisry
477 4480 548 4525 omits
563 4479 714 4524 “Dominum
728 4481 845 4525 nostrum
876 4481 954 4524 Amen
965 4479 976 4500 ''

317 4552 330 4612 ἶ
346 4551 465 4610 Breviary
479 4551 551 4597 omits
565 4550 758 4609 “omnipotens’'
