2886 4994
115 379 136 438 6
323 365 425 431 Feria
440 363 502 429 IV.
519 354 687 444 Quattuor
702 362 905 445 Temperiem
919 359 1106 425 Adeamus.

179 537 204 594 0
225 535 373 592 ertorium.

178 539 373 684 sinedixmi,
397 612 534 681 Domine,
557 616 667 667 terr-sm
687 616 788 666 mam:
817 607 954 665 avertisti
975 608 1183 684 csptivitstem
1204 611 1326 675 Jacob:

118 696 256 756 remisisti
269 694 460 771 iniquitatem
472 691 567 769 plebis
580 697 648 748 ture.

177 855 352 915 Deuotionis
365 860 472 913 nocem
485 853 552 925 tibi,
562 851 700 922 Domine,
715 870 892 926 quaeumus,
906 849 1004 907 hostia
1012 851 1128 927 jugiter
1140 851 1326 922 immoletur,

117 958 182 1016 quse
195 945 226 995 et
238 936 314 994 sacri
328 943 449 1012 peragat
462 934 602 991 instituta
615 933 757 1008 mysterii,
767 939 797 989 et
808 931 937 988 salutare
946 939 1033 988 tuum
1047 933 1133 989 nobis
1146 934 1329 992 mirabiliter

117 1025 262 1096 operetur.
306 1016 366 1073 Per
379 1016 552 1074 Dominum

180 1097 358 1158 Communia
406 1097 525 1166 Dicite3
553 1094 761 1152 Pusillsnimes
788 1092 1006 1162 confortamini
1034 1100 1066 1150 et
1092 1093 1187 1152 nolite
1210 1095 1324 1153 timere.

119 1180 194 1238 Face
214 1179 297 1236 Deus
316 1184 417 1235 noster
436 1177 544 1248 veniet,
565 1183 597 1234 et
616 1175 744 1232 salvabit
763 1193 825 1231 nos

178 1260 419 1317 Postcommurcio.
475 1258 681 1335 Implorsmus,
707 1255 845 1325 Domine,
869 1253 1057 1312 clementiam
1084 1261 1177 1326 tunm,
1203 1263 1240 1313 ut
1264 1257 1325 1315 baec

118 1341 220 1398 divina
236 1341 351 1416 judicis
368 1361 387 1398 s
407 1340 491 1396 vitiis
511 1339 645 1416 expiatos
665 1337 703 1394 ad
722 1336 798 1394 fests
817 1342 944 1393 ventura
964 1355 1018 1391 nos
1040 1344 1216 1412 praeparent
1269 1338 1327 1395 Per

120 1422 283 1480 Dominum
296 1428 440 1480 nostrum.

363 1560 388 1616 F
389 1577 462 1617 suls
483 1574 631 1628 sucum,
646 1567 680 1613 ut
696 1559 728 1613 ira
742 1557 907 1626 Dominicis,
920 1554 1079 1630 ferialiter.

402 1692 502 1747 Fsurs
522 1705 644 1756 Qussrs
665 1688 836 1756 Quis-tuos
856 1689 1038 1746 Terponus

179 1805 260 1863 Noto
288 1804 366 1877 quod
389 1802 442 1858 liae
466 1809 574 1874 qzearlc
593 1798 683 1854 Fer-io
706 1809 783 1855 sesto
808 1810 834 1856 et
861 1799 985 1858 ,S'cbboto
1011 1800 1166 1858 Diaconos
1198 1812 1225 1859 et
1257 1802 1327 1862 Sat

119 1885 260 1943 diaeonus
273 1885 332 1940 sint
347 1891 462 1938 tutatum
476 1880 559 1936 Altis
568 1881 676 1936 italos,

181 1965 229 2021 Aa
242 1964 374 2020 Missam.
416 1961 557 2034 Officium.

180 2046 300 2113 Rorate,
321 2043 394 2112 coeli,
415 2041 560 2117 desuper,
583 2046 614 2098 et
634 2041 727 2097 nubes
746 2041 853 2118 pluant
869 2042 1178 2119 justnm3ape1istur
1198 2052 1280 2103 terra
1299 2053 1328 2103 et

120 2125 266 2201 germinet
280 2123 471 2181 salvatorem.

181 2205 326 2262 Pserimos.

181 2286 222 2342 Et
231 2284 351 2361 justitia
365 2283 479 2340 oriatur
492 2281 598 2340 simul:
619 2303 673 2359 ego
687 2283 835 2341 Dominus
849 2285 947 2342 creavi
960 2305 1036 2342 eum

182 2367 249 2423 Noa
263 2365 373 2422 elicitur
386 2364 534 2420 Dominus
547 2365 707 2435 vobiscum,
723 2367 772 2422 sed
787 2374 903 2423 uentrem
918 2366 1051 2424 Oremus

183 2447 292 2505 Oratio.

182 2529 302 2598 Praesta,
325 2545 500 2602 quaesumus,
523 2526 709 2602 omnipotens
730 2527 822 2597 Deus,
844 2533 879 2584 ut
899 2528 1111 2604 redemptionis
1131 2536 1241 2588 nostrae
1262 2550 1331 2589 ven·

121 2617 190 2667 tura
213 2608 394 2665 sollemnitas
418 2613 449 2663 et
471 2608 623 2682 praesentis
645 2607 730 2664 nobis
751 2607 822 2663 vitae
844 2609 974 2666 subsidia
997 2609 1138 2681 conferat,
1161 2617 1192 2668 et
1212 2618 1331 2670 aeternae

121 2689 315 2748 beatitudinis
329 2687 450 2764 praemia
463 2687 613 2763 largiatur.
658 2687 717 2744 Per
730 2688 903 2746 Dominum

181 2771 277 2829 Lectio
291 2769 390 2826 Esaioe
402 2768 553 2844 Prophetes
565 2767 615 2845 (ii.
632 2769 699 2846 2-5)

183 2851 220 2909 In
246 2851 349 2907 dicbus
373 2850 441 2921 illis,
466 2849 556 2906 Dixit
578 2849 681 2907 Esaias
704 2849 869 2926 propheta:
896 2851 965 2907 Erit
984 2851 1016 2908 in
1037 2852 1206 2911 novissimis
1227 2855 1333 2912 diebus

125 2954 214 3008 usqae
228 2933 269 2988 ad
286 2931 469 2988 ambulemus
482 2931 515 2987 in
528 2930 641 2989 lumine
659 2931 783 2989 Domini
797 2931 856 2987 Dei
870 2933 971 2989 nostri.

186 3012 321 3070 Grodode.

184 3093 292 3151 Tollite
313 3100 421 3170 portas,
444 3093 600 3170 principes,
618 3100 749 3165 vestras,
770 3100 800 3151 et
821 3093 979 3150 elevamini
999 3101 1093 3170 portae
1113 3097 1277 3169 aeternales,
1299 3104 1329 3156 et

125 3174 264 3233 introibit
278 3194 332 3232 rex
345 3174 454 3250 gloriae.

193 3255 300 3314 Versus.
345 3255 418 3324 Quis
432 3255 569 3312 ascendet
589 3255 621 3311 in
634 3262 766 3312 montem
781 3255 903 3312 Domini
918 3278 924 3314 :
944 3261 997 3313 aut
1018 3257 1084 3333 quis
1102 3258 1195 3316 stabit
1216 3259 1250 3316 in
1267 3260 1331 3317 loco

126 3343 228 3394 sancto
242 3337 305 3412 ejus
319 3357 326 3394 :
347 3336 487 3392 innocens
500 3336 636 3393 manibus
650 3343 681 3393 et
694 3336 805 3393 mundo
819 3338 913 3395 corde.

189 3428 315 3488 Gradelc
330 3437 397 3504 post
417 3428 535 3485 Versum
548 3447 609 3484 non
621 3437 774 3503 repetatur.

188 3510 335 3567 Dominus
348 3509 507 3566 vobiscum
551 3509 592 3566 Et
606 3528 673 3566 cum
687 3509 793 3584 spiritu
808 3516 867 3567 tuo.
912 3512 1045 3569 Oremus

192 3592 301 3648 Oratio

192 3671 318 3740 Festino,
347 3690 522 3747 quaesumus,
554 3671 691 3744 Domine,
719 3692 757 3729 ue
785 3673 966 3745 tardaveris3
1000 3680 1031 3732 et
1065 3674 1213 3733 auxilium
1246 3677 1332 3734 nobis

129 3770 264 3828 supernae
278 3753 399 3809 virtutis
413 3752 549 3829 impende
564 3772 571 3810 :
594 3758 629 3810 ut
643 3753 787 3811 adventus
801 3755 847 3811 tui
862 3754 1111 3813 consolationibus
1128 3757 1330 3828 subleventur,

130 3833 184 3906 qui
204 3832 237 3889 in
257 3839 310 3890 tus
330 3832 439 3909 pietate
460 3833 619 3891 confidunt.
664 3835 724 3903 Qui
743 3835 820 3890 vivis
841 3841 871 3892 et
891 3855 996 3912 regnas
1016 3856 1084 3893 oum
1105 3836 1170 3894 Deo
1191 3837 1282 3896 Patre
1301 3839 1334 3894 in

131 3913 248 3970 unitate
263 3914 391 3990 Spiritus
406 3914 506 3971 Sancti
521 3914 612 3972 Deus.
656 3915 714 3972 Per
728 3916 827 3972 omnia
840 3916 946 3973 saecula
959 3917 1138 3974 saeculorum.
1182 3920 1291 3976 Amen.

193 4004 338 4064 Memoris
351 4009 385 4064 de
399 4008 480 4065 beato
493 4007 597 4064 Marus
610 4017 635 4064 et
649 4010 683 4065 de
697 4009 830 4066 osualdus
842 4008 965 4068 Sanctis.

194 4086 291 4145 Lectio
305 4088 403 4145 Esciae
416 4088 565 4163 Proplaetae
579 4089 645 4165 (cit.
664 4090 776 4166 10-15).

196 4166 234 4224 In
255 4168 358 4226 diebus
378 4168 446 4240 illis,
462 4169 592 4225 Locutus
613 4175 658 4226 est
677 4170 824 4227 Dominus
844 4171 882 4227 ad
902 4172 1011 4244 Achez,
1033 4173 1150 4230 dicens:
1183 4174 1257 4231 Pete
1278 4173 1335 4231 tibi

130 4245 251 4384 signgm
264 4270 354 4324 usque
369 4251 409 4306 od
422 4255 458 4306 ut
471 4249 543 4307 sciat
557 4250 712 4325 reprobare
726 4251 846 4323 malum,
863 4257 893 4308 et
907 4252 1014 4329 eligere
1027 4255 1146 4310 bonum.

222 4331 330 4388 scutale.
823 4340 824 4343 ’

194 4406 292 4485 Prope
314 4417 358 4468 est
383 4410 530 4468 Dominus
553 4409 689 4467 omnibus
714 4412 922 4471 invocantibus
946 4434 1034 4472 eum:
1058 4416 1195 4473 omnibus
1219 4416 1271 4492 qui
1294 4417 1340 4474 iu-

131 4495 242 4546 rocant
256 4510 323 4549 eum
337 4493 369 4550 in
383 4492 517 4551 veritate.
