2918 4986
330 390 331 393 ’
354 391 448 455 Dom.
472 388 529 455 ott.
548 397 624 475 post
648 389 783 456 Octavus
805 388 1009 454 Pontemstes.
1218 387 1282 457 227

137 558 259 617 Secreta.

140 639 318 715 Propitiare,
346 637 484 709 Domine,
512 636 781 713 supplicationibus
814 635 934 708 nostris,
971 640 1001 693 et
1034 634 1087 692 has
1121 634 1286 692 oblationes

94 721 259 778 'amulorum
279 718 515 795 famularumque
536 725 657 775 tuarum
680 717 828 793 benignus
849 736 986 789 assume3
1017 723 1053 773 ut
1074 718 1153 792 quod
1176 716 1287 791 singuli

94 801 254 858 tbtulerunt
267 801 305 858 ad
318 800 459 857 honorem
477 800 607 856 nominis
626 799 680 870 tui,
700 799 814 856 cunctis
833 799 968 874 proficiat
989 797 1028 855 ad
1049 798 1183 854 salutem.
1227 797 1286 855 Per

94 883 252 939 Jominum.

142 962 324 1021 Commutato.

138 1043 286 1113 CircuibO,
311 1048 342 1099 et
366 1040 525 1099 immolabo
546 1040 579 1097 in
599 1041 824 1099 tabernaculum
845 1041 909 1116 ejus
930 1039 1058 1097 hostiam
1075 1039 1282 1116 jubilationis:

94 1125 215 1195 tentabo,
230 1131 260 1181 et
273 1123 419 1200 psalmum
437 1123 533 1180 dicam
548 1121 686 1179 Domino.

139 1205 378 1263 Posteoramunio.
1131 1251 1137 1259 .
1283 1253 1288 1259 ,

141 1286 221 1354 Quos
239 1285 355 1356 caelesti,
379 1284 518 1356 Domine,
537 1284 614 1340 dono
629 1284 753 1354 satiasti,
768 1289 884 1359 praesta,
900 1301 1078 1358 quaesumus,
1092 1288 1128 1338 ut
1141 1301 1159 1339 a
1172 1289 1240 1339 nost
1257 1281 1282 1339 is

94 1367 256 1424 nundemur
269 1366 400 1437 occultis,
415 1372 446 1423 et
460 1365 497 1422 ab
511 1365 641 1422 hostium
656 1365 816 1421 liberemur
829 1364 952 1420 insidiis.
996 1362 1054 1421 Per
1067 1362 1238 1422 Dominum.

549 1568 650 1624 Ferus
671 1568 809 1637 Quium.

139 1675 189 1732 Act
202 1675 338 1732 Hebraeos
350 1675 418 1751 (att.
436 1675 579 1731 28-2052'22
597 1675 641 1751 8).
681 1733 683 1737 ,

138 1757 257 1814 Fratres
270 1778 276 1814 :
296 1757 451 1813 Habemus
464 1757 592 1831 gratiam
604 1775 657 1830 per
668 1775 756 1832 quem
768 1756 939 1826 serviamus,
951 1755 1100 1833 placentes
1112 1755 1177 1812 Deo
1191 1775 1282 1830 usque

94 1837 200 1894 utheri
213 1844 243 1894 et
256 1837 352 1910 hodie,
368 1838 431 1912 ipse
445 1845 475 1894 et
489 1839 520 1893 in
535 1837 648 1894 secula.
1281 1845 1286 1851 “

139 1918 308 1976 ›S‘eourrdum
321 1920 461 1976 Marcam
474 1918 518 1994 (s.
538 1919 652 1995 17-21).

137 1999 177 2055 In
190 1999 243 2056 illo
256 2006 396 2077 tempore,
414 1999 490 2056 Oum
504 2018 637 2076 egressus
657 2004 734 2056 esset
752 1998 774 2056 J
776 2018 841 2056 esus
862 2000 895 2055 in
916 1999 974 2070 via,
996 2017 1171 2074 procurrens
1191 2017 1281 2073 usque

94 2081 121 2136 tel
134 2087 164 2137 εὴ
179 2081 257 2152 veni,
272 2100 394 2157 sequere
407 2099 462 2137 me.

396 2315 400 2324 .
560 2265 662 2323 anm
683 2265 791 2324 SnxrA.

139 2365 188 2422 Aa
201 2364 349 2422 Romanos
362 2365 416 2441 (vi.
436 2363 552 2440 12-14).

140 2445 259 2503 Fratres
272 2463 282 2503 ε’
301 2446 372 2502 Non
385 2453 490 2520 regnet
503 2451 656 2521 peecatum
679 2465 769 2520 nsque
791 2447 832 2502 od
855 2465 915 2502 non
938 2445 1017 2502 enim
1039 2445 1111 2502 estis
1132 2445 1279 2522 sublege,

94 2525 130 2583 ed
143 2527 199 2584 sub
212 2527 317 2602 gratia.

139 2607 305 2665 Seroiata
318 2608 457 2664 Marcam
471 2607 513 2683 (v.
532 2607 625 2682 1-20).

139 2689 179 2746 In
192 2689 398 2767 illoltempore,
413 2689 509 2746 Venit
522 2688 544 2746 J
545 2708 609 2745 esus
623 2688 656 2743 in
674 2687 823 2763 regionem
838 2687 1054 2744 Gerasenorum
1076 2707 1166 2761 arsque
1188 2688 1229 2743 acl
1249 2693 1280 2744 et

94 2788 179 2827 mnes
193 2771 386 2828 mirabantur.

273 2963 433 3021 Donnuca
453 2963 590 3021 Sarnus
611 2978 683 3019 eosr
704 2961 844 3019 Oomvis
866 2961 1083 3040 Pnurncosrns

140 3053 280 3135 Officium,

138 3141 248 3199 Omnes
261 3147 372 3218 gentes,
387 3140 520 3216 plaudite
533 3140 688 3197 manibus:
703 3139 832 3215 jubilate
843 3137 950 3205 Deoin
964 3157 1035 3196 voce
1049 3137 1264 3196 exsultationis.

139 3223 408 3441 {ibibbii'populos
421 3303 524 3360 nobis:
546 3309 576 3360 et
589 3311 691 3378 gentes
705 3303 759 3359 sub
773 3301 896 3378 pedibus
910 3299 1027 3358 nostris.

140 3393 389 3536 Dbcirbwrirtutum,
402 3465 485 3540 cujus
496 3471 541 3522 est
553 3471 652 3521 totum
667 3464 746 3539 quod
760 3469 805 3521 est
818 3462 983 3539 optimum:
1003 3461 1099 3519 insere
1113 3462 1281 3538 pectoribus

94 3545 190 3606 ostris
203 3565 332 3603 amorem
345 3547 392 3602 tui
409 3546 559 3618 nominis;
587 3551 617 3601 et
639 3547 746 3621 praesta
764 3545 796 3601 in
814 3543 899 3602 nobis
912 3543 1064 3620 religionis
1077 3552 1279 3621 augmentum,

94 3636 110 3686 t
125 3646 193 3704 quae
207 3633 278 3684 sunt
290 3627 369 3684 bona
382 3627 505 3699 nutrias,
521 3647 554 3684 ae
568 3627 688 3702 pietatis
702 3625 810 3697 studio,
822 3645 887 3702 quse
902 3631 972 3682 sunt
985 3624 1112 3696 nutrita,
1124 3627 1279 3685 custodies.

94 3713 139 3768 'er
152 3707 316 3765 Dominum
329 3713 473 3766 nostrum.

139 3787 190 3846 Aa
202 3789 349 3846 Romanos
362 3789 415 3866 (vi.
434 3788 549 3865 19-23).

139 3870 278 3928 Fratres:
300 3869 476 3926 Humanum
494 3869 569 3940 dico,
584 3875 704 3945 propter
720 3867 927 3925 infirmitatem
945 3867 1041 3925 earnis
1063 3874 1169 3928 vestrae
1191 3889 1281 3946 usque

94 3955 113 4013 i
131 3949 352 4090 &mantem
366 3950 433 4022 Dei,
448 3951 513 4008 vita
527 3957 639 4007 aeterna
652 3950 684 4006 in
700 3949 819 4006 Ohristo
833 3949 854 4006 J
855 3968 907 4006 esu
920 3949 1052 4006 Domino
1065 3956 1175 4011 nostro.
1198 3966 1203 3977 ’

139 4052 235 4170 Bias
255 4051 328 4189 {iens
352 4112 436 4188 eujus
460 4118 505 4169 est
525 4111 672 4168 Dominus
701 4110 782 4168 Deus
803 4086 913 4183 eorum,
935 4110 1062 4186 populus
1082 4129 1171 4186 quem
1191 4110 1282 4188 elegit

94 4193 228 4254 lominus
241 4193 274 4251 in
287 4189 493 4251 haereditatem
506 4193 570 4250 sibi.
793 4249 795 4253 .

94 4279 109 4335 ἱ
140 4275 243 4333 Verbo
263 4273 388 4331 Domini
408 4273 472 4331 caeli
492 4272 606 4332 firmati
625 4277 704 4345 sunt,
724 4277 755 4330 et
776 4271 891 4349 Spiritu
911 4272 971 4330 oris
991 4271 1054 4348 ejus
1074 4271 1170 4330 omnis
1183 4271 1281 4330 virtus

94 4376 289 4513 Dluiillleluya
339 4435 368 4493 V.
399 4434 510 4493 Omnes
530 4441 633 4512 gentes
653 4433 787 4511 plaudite
815 4433 972 4506 manibus3
1001 4430 1131 4509 jubilate
1155 4432 1220 4493 Deo
1248 4434 1281 4492 in

94 4539 147 4581 oce
161 4514 382 4578 exsultationis.
