2918 4986
190 371 255 434 118
647 371 788 438 Sabboto
807 372 939 443 Sancto.

190 548 1397 712 Q

217 745 335 802 porum
348 744 531 801 con-ces·sa‚
554 726 587 784 in
615 727 662 784 his
688 729 822 804 pas-cha
847 762 860 776 ·
885 729 1015 787 li·bus
1047 730 1214 808 gau-di-i‘s
1248 751 1385 790 oon-ser-

230 1046 351 1134 vassre
391 1076 518 1154 dig-ne
562 1112 574 1123 ·
618 1077 667 1136 ris

250 1229 310 1291 Per
327 1229 491 1289 Dominum
504 1196 641 1290 nostrum
654 1231 677 1291 J
677 1250 760 1290 esum
774 1230 928 1290 Christum
948 1231 1062 1291 Filium
1082 1237 1177 1291 tuum.
1222 1233 1284 1304 Qui
1298 1239 1398 1292 tecum

188 1310 267 1370 vivit
290 1317 321 1370 et
344 1318 450 1390 regnat
473 1312 506 1370 in
530 1311 647 1371 unitate
672 1312 801 1389 Spiritus
822 1312 924 1370 Sancti
944 1312 1035 1372 Deus.
1092 1312 1150 1372 Per
1170 1315 1272 1372 omnia
1292 1315 1398 1373 soecula

188 1392 369 1453 saeculorum.
411 1394 519 1452 Amen.
1374 1431 1376 1434 -

248 1487 320 1546 Hoec
337 1486 442 1558 lectio,
461 1486 536 1546 ment
554 1494 578 1545 et
596 1496 739 1563 sequentes
756 1487 909 1559 Lectiones,
929 1488 991 1547 sine
1009 1488 1093 1547 titulo
1111 1488 1224 1564 leontio
1243 1486 1291 1569 [in
1303 1490 1398 1548 medio

189 1565 394 1629 Otos-MS.
410 1564 464 1648 Ι).]
484 1568 519 1626 in
530 1566 747 1644 Supopellieeis
763 1589 783 1626 o
795 1569 993 1644 &semoribus
1007 1568 1103 1641 Obori,
1116 1570 1270 1645 qrodotnn
1287 1569 1397 1631 &aceo

187 1648 289 1708 wido.
325 1648 474 1708 Prolatos
489 1650 608 1707 interim
622 1648 733 1708 Uesulo
750 1650 785 1707 io
796 1650 962 1708 senestiooio
980 1650 1105 1709 indotos
1118 1671 1185 1709 meon
1198 1651 1353 1710 Ministris
1365 1652 1398 1710 io

187 1728 277 1802 Albis,
295 1730 495 1807 praeeuntibus
516 1729 715 1806 Ceroseroeiis,
736 1731 922 1805 inorediotier
942 1733 982 1789 ad
1002 1732 1115 1802 attam
1136 1741 1163 1791 et
1182 1731 1323 1791 Oratione
1341 1731 1398 1791 Do·

187 1811 298 1870 misico
310 1812 393 1870 intro
406 1820 490 1869 seniet
506 1811 605 1888 absum
620 1821 688 1869 onte
706 1812 819 1886 orodes
831 1812 946 1870 Altaria
965 1822 1065 1871 semote
1075 1812 1173 1888 facto,
1189 1813 1295 1887 sedeat,
1311 1815 1397 1872 dorm

231 1902 302 1952 otor

187 1890 231 1969 kq
247 1973 346 2032 Lectio
354 1973 464 2049 primo.
508 1971 596 2050 (Gen.
612 1972 642 2044 i,
657 1972 689 2030 ii.
708 1972 734 2045 1,
751 1972 798 2050 2.)

247 2066 288 2125 In
302 2065 447 2142 principio
460 2065 572 2123 creavit
584 2085 675 2140 itaque
688 2065 729 2123 od
743 2065 821 2142 quod
835 2072 976 2143 patrarat.

247 2154 396 2212 Probitate
408 2154 495 2212 dieat.
539 2153 672 2211 Oremus.

249 2247 360 2308 Oratio.

247 2327 340 2400 Deus,
361 2328 413 2405 qni
432 2325 610 2386 mirabiliter
629 2327 779 2385 hominem
800 2329 906 2387 creasti
926 2335 958 2387 et
976 2328 1142 2387 mirabilius
1162 2328 1319 2389 redemisti
1328 2351 1338 2405 3
1359 2329 1395 2389 da

186 2410 279 2484 nobis,
296 2429 472 2488 quaesumus,
488 2413 591 2467 contra
605 2409 950 2486 oblectamenta-peccati
968 2410 1078 2469 mentis
1098 2410 1214 2470 ratione
1230 2413 1394 2489 persistere,

186 2496 223 2550 ut
236 2510 402 2550 mereamur
415 2491 453 2549 ad
466 2490 574 2568 gaudia
587 2496 697 2548 aeterna
710 2490 871 2567 pervenire.
915 2492 973 2549 Per
987 2491 1161 2550 Dominum.

246 2573 344 2631 Lectio
357 2573 491 2632 secondo.
535 2571 658 2649 (Euodi.
673 2571 730 2629 aio.
746 2571 845 2645 2431,
866 2592 911 2630 so.
930 2571 976 2651 1.)

248 2653 376 2712 Factum
397 2659 442 2712 est
463 2653 497 2711 in
517 2651 621 2731 vigilis
643 2653 801 2726 matutina,
823 2659 853 2712 et
874 2673 940 2712 ecce
959 2653 1117 2731 respiciens
1137 2652 1396 2733 Dominussuper

186 2740 282 2796 castra
299 2756 391 2812 usque
407 2736 449 2794 od
467 2734 551 2794 Tunc
564 2733 676 2804 ‚cecinit
693 2734 813 2811 Moyses
825 2741 857 2793 et
869 2734 925 2793 filii
942 2734 1037 2795 Israel
1054 2754 1172 2795 carmen
1185 2735 1243 2794 hoo
1256 2735 1394 2806 Domino,

187 2824 218 2877 et
231 2817 383 2876 dixerunt.

247 2908 319 2993 [Hic
341 2910 465 2970 Tractus
485 2929 604 2987 sequens
622 2916 756 2968 cantetur
774 2909 810 2966 in
828 2909 923 2968 medio
942 2908 1033 2969 Obori
1047 2928 1068 2967 o
1084 2909 1198 2968 duobus
1224 2909 1351 2969 Vicaoiis
1364 2909 1396 2967 de

279 2993 285 3007 ‘
325 2993 331 3007 '
402 2992 437 3050 io
451 2991 544 3071 Cossis
562 2991 668 3063 urion,
686 2990 762 3048 sicat
782 2999 808 3048 et
828 2999 923 3049 ceterae
942 2998 1095 3069 sequeotos,
1114 2991 1269 3066 orodotim
1289 2993 1396 3051 doso-

186 3073 397 3136 aneo-MS.
414 3071 468 3155 Ι).]

250 3167 384 3226 Proetus.

206 3245 209 3254 '
249 3249 411 3307 Cantemus
425 3247 565 3320 Domino,
578 3246 704 3325 gloriose
717 3244 799 3303 onim
814 3245 1024 3305 honorificatus
1044 3250 1108 3318 est3
1128 3264 1241 3322 equum
1255 3251 1287 3305 et
1301 3264 1397 3306 ascen·

187 3349 283 3391 sorem
297 3328 422 3408 projecit
434 3329 468 3387 in
480 3347 581 3402 mare;
599 3328 719 3405 adjutor
730 3332 762 3385 et
774 3331 925 3404 protector
937 3327 1032 3386 iactus
1046 3332 1091 3386 est
1104 3326 1180 3385 mihi
1192 3327 1224 3385 in
1240 3327 1376 3386 salutem.

195 3411 226 3471 V.
252 3411 315 3470 Hic
328 3410 411 3471 Deus
428 3429 522 3484 meus,
536 3414 567 3467 et
583 3407 784 3468 honorificabo
802 3428 889 3469 eum:
909 3407 992 3467 Deus
1008 3407 1108 3467 Patris
1125 3406 1193 3481 mei,
1208 3413 1241 3466 et
1259 3407 1397 3468 exaltabo

191 3512 268 3552 eum.

196 3573 227 3637 V.
253 3571 401 3633 Dominus
414 3577 568 3631 conterens
580 3570 677 3646 bella;
697 3570 846 3630 Dominus
858 3589 967 3629 nomen
980 3576 1026 3629 est
1038 3569 1092 3628 illi

254 3666 365 3727 Oratio.

252 3738 346 3820 Deus,
365 3745 449 3823 cujus
469 3745 593 3824 antiqua
611 3744 754 3805 miracula
772 3745 863 3806 etiam
882 3744 992 3803 nostris
1012 3742 1125 3802 saeculis
1145 3761 1299 3801 coruscare
1312 3740 1398 3802 senti·

192 3849 278 3903 mus;
297 3827 370 3887 dum
383 3828 462 3906 quod
474 3826 529 3885 uni
542 3827 660 3905 populo,
669 3827 898 3905 apersecutione
906 3825 1085 3904 AEgyptiaca
1098 3824 1260 3898 liberando,
1270 3824 1399 3884 dextera

192 3917 253 3972 tuoe
275 3908 441 3988 potentiam
461 3908 624 3982 contulisti,
641 3909 674 3967 id
695 3909 729 3966 in
750 3909 877 3967 salutem
890 3907 1026 3985 gentium
1046 3925 1100 3985 per
1119 3924 1226 3982 aquam
1247 3923 1397 3983 regenera-

191 3992 285 4055 tionis
298 3989 445 4067 operaris:
465 3996 581 4067 praesta,
596 4009 772 4066 quaesumus,
788 3996 824 4048 ut
838 3995 869 4047 et
881 3989 913 4045 in
922 3987 1053 4047 Abrahae
1067 3986 1152 4060 filios,
1166 3991 1197 4045 et
1211 3986 1245 4043 in
1259 3985 1398 4046 Israeliti-

193 4094 258 4136 cam
272 4071 456 4150 dignitatem,
470 4071 564 4130 totius
577 4071 683 4129 mundi
695 4077 827 4129 transeat
839 4069 1002 4147 plenitudo.
1044 4068 1104 4127 Per
1117 4067 1293 4126 Dominum.

255 4167 353 4227 Lectio
367 4165 460 4225 tertio.
503 4164 620 4242 (Esoiae
632 4165 690 4242 io.)
998 4230 1001 4235 Ι

254 4247 492 4326 Apprehendent
514 4252 627 4322 septem
649 4246 787 4304 mulieres
806 4245 905 4303 virum
929 4263 1024 4303 unum
1043 4242 1078 4300 in
1100 4242 1148 4300 die
1171 4241 1225 4300 illa
1244 4262 1338 4318 sesque
1361 4237 1400 4298 od

192 4336 224 4397 at
237 4330 271 4388 in
285 4330 473 4390 securitatem
486 4333 518 4388 et
530 4327 750 4386 absconsionem
762 4347 781 4386 a
794 4326 915 4384 turbine
928 4332 959 4386 et
972 4346 990 4383 a
1003 4324 1113 4403 pluvia.

282 4441 300 4477 r

197 4509 201 4515 '
253 4421 446 4566 iiiiibuibom
459 4509 504 4564 est
517 4502 625 4562 dilecto
638 4501 670 4559 in
684 4521 785 4577 cornu,
798 4502 831 4560 in
844 4499 909 4560 loco
921 4500 1016 4562 uberi.
