<?xml version="1.0" encoding="UTF-8"?>
<!DOCTYPE html PUBLIC "-//W3C//DTD XHTML 1.0 Transitional//EN"
    "http://www.w3.org/TR/xhtml1/DTD/xhtml1-transitional.dtd">
<html xmlns="http://www.w3.org/1999/xhtml" xml:lang="en" lang="en">
 <head>
  <title>
</title>
<meta http-equiv="Content-Type" content="text/html;charset=utf-8" />
  <meta name='ocr-system' content='tesseract 3.04.00' />
  <meta name='ocr-capabilities' content='ocr_page ocr_carea ocr_par ocr_line ocrx_word'/>
</head>
<body>
  <div class='ocr_page' id='page_1' title='image "./missaleadusumin03churgoog_0060.png"; bbox 0 0 2918 4986; ppageno 0'>
   <div class='ocr_carea' id='block_1_1' title="bbox 189 371 1266 473">
    <p class='ocr_par' dir='ltr' id='par_1_1' title="bbox 189 371 1266 473">
     <span class='ocr_line' id='line_1_1' title="bbox 189 371 1266 473; baseline 0.006 -37"><span class='ocrx_word' id='word_1_1' title='bbox 189 468 192 473; x_wconf 15' lang='lat'><em>⁶</em></span> <span class='ocrx_word' id='word_1_2' title='bbox 277 371 379 436; x_wconf 72' lang='lat' dir='ltr'>Ferit</span> <span class='ocrx_word' id='word_1_3' title='bbox 399 372 456 438; x_wconf 87' lang='lat' dir='ltr'>VI.</span> <span class='ocrx_word' id='word_1_4' title='bbox 474 372 640 454; x_wconf 73' lang='lat' dir='ltr'><em>Quattuor</em></span> <span class='ocrx_word' id='word_1_5' title='bbox 656 373 857 467; x_wconf 70' lang='lat' dir='ltr'>Temptarunt</span> <span class='ocrx_word' id='word_1_6' title='bbox 870 372 1056 439; x_wconf 74' lang='lat' dir='ltr'>Adreutra.</span> <span class='ocrx_word' id='word_1_7' title='bbox 1244 374 1266 443; x_wconf 87' lang='grc'><strong>7</strong></span> 
     </span>
    </p>
   </div>
   <div class='ocr_carea' id='block_1_2' title="bbox 61 537 1321 2070">
    <p class='ocr_par' dir='ltr' id='par_1_2' title="bbox 66 537 1266 696">
     <span class='ocr_line' id='line_1_2' title="bbox 134 537 1266 616; baseline 0.004 -21"><span class='ocrx_word' id='word_1_8' title='bbox 134 537 243 598; x_wconf 81' lang='lat' dir='ltr'>Versus</span> <span class='ocrx_word' id='word_1_9' title='bbox 291 539 422 596; x_wconf 79' lang='lat' dir='ltr'><strong>Laudem</strong></span> <span class='ocrx_word' id='word_1_10' title='bbox 443 539 566 597; x_wconf 86' lang='lat' dir='ltr'><strong>Domini</strong></span> <span class='ocrx_word' id='word_1_11' title='bbox 585 540 723 616; x_wconf 84' lang='lat' dir='ltr'>loquetur</span> <span class='ocrx_word' id='word_1_12' title='bbox 742 560 774 598; x_wconf 90' lang='lat' dir='ltr'>os</span> <span class='ocrx_word' id='word_1_13' title='bbox 794 560 915 600; x_wconf 89' lang='lat' dir='ltr'>meum:</span> <span class='ocrx_word' id='word_1_14' title='bbox 947 547 977 599; x_wconf 88' lang='lat' dir='ltr'>et</span> <span class='ocrx_word' id='word_1_15' title='bbox 996 540 1151 600; x_wconf 76' lang='lat' dir='ltr'><strong>benedicat</strong></span> <span class='ocrx_word' id='word_1_16' title='bbox 1171 540 1266 600; x_wconf 90' lang='lat' dir='ltr'>omnis</span> 
     </span>
     <span class='ocr_line' id='line_1_3' title="bbox 66 621 488 696; baseline 0 -19"><span class='ocrx_word' id='word_1_17' title='bbox 66 637 135 677; x_wconf 89' lang='lat' dir='ltr'>caro</span> <span class='ocrx_word' id='word_1_18' title='bbox 148 638 258 677; x_wconf 88' lang='lat' dir='ltr'>nomen</span> <span class='ocrx_word' id='word_1_19' title='bbox 271 626 405 677; x_wconf 90' lang='lat' dir='ltr'>sanctum</span> <span class='ocrx_word' id='word_1_20' title='bbox 418 621 488 696; x_wconf 77' lang='lat' dir='ltr'>ejus.</span> 
     </span>
    </p>

    <p class='ocr_par' dir='ltr' id='par_1_3' title="bbox 129 698 637 776">
     <span class='ocr_line' id='line_1_4' title="bbox 129 698 637 776; baseline 0.002 -18"><span class='ocrx_word' id='word_1_21' title='bbox 129 698 256 758; x_wconf 54' lang='lat' dir='ltr'>(tradate</span> <span class='ocrx_word' id='word_1_22' title='bbox 264 710 332 776; x_wconf 80' lang='lat' dir='ltr'>post</span> <span class='ocrx_word' id='word_1_23' title='bbox 353 701 471 758; x_wconf 83' lang='lat' dir='ltr'>Versum</span> <span class='ocrx_word' id='word_1_24' title='bbox 483 711 637 776; x_wconf 80' lang='lat' dir='ltr'>repetatur.</span> 
     </span>
    </p>

    <p class='ocr_par' dir='ltr' id='par_1_4' title="bbox 126 779 1082 862">
     <span class='ocr_line' id='line_1_5' title="bbox 126 779 1082 862; baseline 0.004 -25"><span class='ocrx_word' id='word_1_25' title='bbox 126 779 283 856; x_wconf 71' lang='lat' dir='ltr'><em>Sequentia</em></span> <span class='ocrx_word' id='word_1_26' title='bbox 296 783 390 838; x_wconf 82' lang='lat' dir='ltr'>sancti</span> <span class='ocrx_word' id='word_1_27' title='bbox 403 781 563 856; x_wconf 75' lang='lat' dir='ltr'>Ereupele&#39;i.</span> <span class='ocrx_word' id='word_1_28' title='bbox 606 781 772 840; x_wconf 79' lang='lat' dir='ltr'>Secundum</span> <span class='ocrx_word' id='word_1_29' title='bbox 786 782 899 841; x_wconf 80' lang='lat' dir='ltr'>Lucere</span> <span class='ocrx_word' id='word_1_30' title='bbox 912 783 949 860; x_wconf 82' lang='lat' dir='ltr'>(e‘.</span> <span class='ocrx_word' id='word_1_31' title='bbox 967 784 1082 862; x_wconf 81' lang='lat'>26-38).</span> 
     </span>
    </p>

    <p class='ocr_par' dir='ltr' id='par_1_5' title="bbox 65 860 1268 1080">
     <span class='ocr_line' id='line_1_6' title="bbox 128 860 1268 940; baseline 0.004 -22"><span class='ocrx_word' id='word_1_32' title='bbox 128 860 168 918; x_wconf 92' lang='lat' dir='ltr'>In</span> <span class='ocrx_word' id='word_1_33' title='bbox 191 861 243 919; x_wconf 89' lang='lat' dir='ltr'>illo</span> <span class='ocrx_word' id='word_1_34' title='bbox 267 868 407 938; x_wconf 89' lang='lat' dir='ltr'>tempore,</span> <span class='ocrx_word' id='word_1_35' title='bbox 430 861 541 921; x_wconf 90' lang='lat' dir='ltr'>Missus</span> <span class='ocrx_word' id='word_1_36' title='bbox 564 868 609 920; x_wconf 91' lang='lat' dir='ltr'>est</span> <span class='ocrx_word' id='word_1_37' title='bbox 630 864 765 940; x_wconf 80' lang='lat' dir='ltr'>Angelus</span> <span class='ocrx_word' id='word_1_38' title='bbox 789 864 909 922; x_wconf 82' lang='lat' dir='ltr'>Gabriel</span> <span class='ocrx_word' id='word_1_39' title='bbox 933 884 951 922; x_wconf 89' lang='lat' dir='ltr'>a</span> <span class='ocrx_word' id='word_1_40' title='bbox 974 864 1039 922; x_wconf 89' lang='lat' dir='ltr'>Deo</span> <span class='ocrx_word' id='word_1_41' title='bbox 1062 865 1094 921; x_wconf 91' lang='lat' dir='ltr'>in</span> <span class='ocrx_word' id='word_1_42' title='bbox 1117 864 1268 922; x_wconf 78' lang='lat' dir='ltr'>civitatem</span> 
     </span>
     <span class='ocr_line' id='line_1_7' title="bbox 67 941 1267 1018; baseline 0.002 -18"><span class='ocrx_word' id='word_1_43' title='bbox 67 941 207 1015; x_wconf 83' lang='lat' dir='ltr'>Galilaeae,</span> <span class='ocrx_word' id='word_1_44' title='bbox 231 963 322 1018; x_wconf 83' lang='lat' dir='ltr'>usque</span> <span class='ocrx_word' id='word_1_45' title='bbox 345 944 386 1000; x_wconf 86' lang='lat' dir='ltr'>ed</span> <span class='ocrx_word' id='word_1_46' title='bbox 410 943 485 1001; x_wconf 83' lang='lat' dir='ltr'>Ecce</span> <span class='ocrx_word' id='word_1_47' title='bbox 507 943 613 1002; x_wconf 87' lang='lat' dir='ltr'>ancilla</span> <span class='ocrx_word' id='word_1_48' title='bbox 627 944 767 1016; x_wconf 88' lang='lat' dir='ltr'>Domini;</span> <span class='ocrx_word' id='word_1_49' title='bbox 792 947 844 1003; x_wconf 85' lang='lat' dir='ltr'>fiat</span> <span class='ocrx_word' id='word_1_50' title='bbox 865 945 940 1002; x_wconf 90' lang='lat' dir='ltr'>mihi</span> <span class='ocrx_word' id='word_1_51' title='bbox 962 945 1123 1003; x_wconf 76' lang='lat' dir='ltr'>secimdum</span> <span class='ocrx_word' id='word_1_52' title='bbox 1143 947 1267 1004; x_wconf 91' lang='lat' dir='ltr'>verbum</span> 
     </span>
     <span class='ocr_line' id='line_1_8' title="bbox 65 1030 162 1080; baseline 0 0"><span class='ocrx_word' id='word_1_53' title='bbox 65 1030 162 1080; x_wconf 89' lang='lat' dir='ltr'>tuum.</span> 
     </span>
    </p>

    <p class='ocr_par' dir='ltr' id='par_1_6' title="bbox 128 1103 1083 1177">
     <span class='ocr_line' id='line_1_9' title="bbox 128 1103 1083 1177; baseline 0 -16"><span class='ocrx_word' id='word_1_54' title='bbox 128 1103 321 1177; x_wconf 76' lang='lat' dir='ltr'>Offertorduut.</span> <span class='ocrx_word' id='word_1_55' title='bbox 1080 1156 1083 1161; x_wconf 88' lang='lat'>.</span> 
     </span>
    </p>

    <p class='ocr_par' dir='ltr' id='par_1_7' title="bbox 65 1184 1269 1337">
     <span class='ocr_line' id='line_1_10' title="bbox 125 1184 1269 1262; baseline 0.003 -21"><span class='ocrx_word' id='word_1_56' title='bbox 125 1184 195 1242; x_wconf 88' lang='lat' dir='ltr'>Ave</span> <span class='ocrx_word' id='word_1_57' title='bbox 209 1184 315 1256; x_wconf 87' lang='lat' dir='ltr'>Maria,</span> <span class='ocrx_word' id='word_1_58' title='bbox 331 1185 427 1262; x_wconf 85' lang='lat' dir='ltr'>gratia</span> <span class='ocrx_word' id='word_1_59' title='bbox 440 1185 526 1262; x_wconf 89' lang='lat' dir='ltr'>plena</span> <span class='ocrx_word' id='word_1_60' title='bbox 539 1205 548 1258; x_wconf 81' lang='lat'>3</span> <span class='ocrx_word' id='word_1_61' title='bbox 571 1186 719 1243; x_wconf 87' lang='lat' dir='ltr'>Dominus</span> <span class='ocrx_word' id='word_1_62' title='bbox 732 1191 850 1244; x_wconf 88' lang='lat' dir='ltr'>tecum:</span> <span class='ocrx_word' id='word_1_63' title='bbox 874 1186 1029 1245; x_wconf 89' lang='lat' dir='ltr'>benedicta</span> <span class='ocrx_word' id='word_1_64' title='bbox 1042 1193 1077 1244; x_wconf 90' lang='lat' dir='ltr'>tu</span> <span class='ocrx_word' id='word_1_65' title='bbox 1091 1188 1124 1244; x_wconf 92' lang='lat' dir='ltr'>in</span> <span class='ocrx_word' id='word_1_66' title='bbox 1137 1186 1269 1245; x_wconf 87' lang='lat' dir='ltr'>mulieri·</span> 
     </span>
     <span class='ocr_line' id='line_1_11' title="bbox 65 1264 682 1337; baseline 0.002 -15"><span class='ocrx_word' id='word_1_67' title='bbox 65 1264 130 1337; x_wconf 92' lang='lat' dir='ltr'>bus,</span> <span class='ocrx_word' id='word_1_68' title='bbox 146 1271 177 1323; x_wconf 89' lang='lat' dir='ltr'>et</span> <span class='ocrx_word' id='word_1_69' title='bbox 190 1265 361 1324; x_wconf 87' lang='lat' dir='ltr'>benedictus</span> <span class='ocrx_word' id='word_1_70' title='bbox 374 1267 488 1324; x_wconf 87' lang='lat' dir='ltr'>fructus</span> <span class='ocrx_word' id='word_1_71' title='bbox 501 1268 615 1324; x_wconf 88' lang='lat' dir='ltr'>ventris</span> <span class='ocrx_word' id='word_1_72' title='bbox 628 1267 682 1324; x_wconf 91' lang='lat' dir='ltr'>tui.</span> 
     </span>
    </p>

    <p class='ocr_par' dir='ltr' id='par_1_8' title="bbox 125 1344 632 1403">
     <span class='ocr_line' id='line_1_12' title="bbox 125 1344 632 1403; baseline 0 0"><span class='ocrx_word' id='word_1_73' title='bbox 125 1344 247 1403; x_wconf 83' lang='lat' dir='ltr'>Secreta.</span> <span class='ocrx_word' id='word_1_74' title='bbox 630 1368 632 1375; x_wconf 70' lang='grc'><em>’</em></span> 
     </span>
    </p>

    <p class='ocr_par' dir='ltr' id='par_1_9' title="bbox 64 1426 1269 1664">
     <span class='ocr_line' id='line_1_13' title="bbox 125 1426 1269 1504; baseline 0.003 -21"><span class='ocrx_word' id='word_1_75' title='bbox 125 1426 260 1503; x_wconf 86' lang='lat' dir='ltr'>Accepta</span> <span class='ocrx_word' id='word_1_76' title='bbox 286 1427 343 1485; x_wconf 88' lang='lat' dir='ltr'>tibi</span> <span class='ocrx_word' id='word_1_77' title='bbox 370 1428 440 1499; x_wconf 88' lang='lat' dir='ltr'>sint,</span> <span class='ocrx_word' id='word_1_78' title='bbox 465 1447 640 1504; x_wconf 85' lang='lat' dir='ltr'>quaesumus,</span> <span class='ocrx_word' id='word_1_79' title='bbox 670 1427 807 1500; x_wconf 90' lang='lat' dir='ltr'><strong>Domine,</strong></span> <span class='ocrx_word' id='word_1_80' title='bbox 836 1448 959 1486; x_wconf 87' lang='lat' dir='ltr'>munera</span> <span class='ocrx_word' id='word_1_81' title='bbox 985 1434 1088 1486; x_wconf 86' lang='lat' dir='ltr'>nostra</span> <span class='ocrx_word' id='word_1_82' title='bbox 1100 1449 1109 1501; x_wconf 91' lang='lat'>;</span> <span class='ocrx_word' id='word_1_83' title='bbox 1144 1448 1210 1504; x_wconf 85' lang='lat' dir='ltr'>quae</span> <span class='ocrx_word' id='word_1_84' title='bbox 1237 1435 1269 1486; x_wconf 89' lang='lat' dir='ltr'>et</span> 
     </span>
     <span class='ocr_line' id='line_1_14' title="bbox 64 1506 1269 1586; baseline 0.002 -23"><span class='ocrx_word' id='word_1_85' title='bbox 64 1506 213 1583; x_wconf 87' lang='lat' dir='ltr'>expiando</span> <span class='ocrx_word' id='word_1_86' title='bbox 240 1527 294 1565; x_wconf 91' lang='lat' dir='ltr'>nos</span> <span class='ocrx_word' id='word_1_87' title='bbox 324 1514 374 1565; x_wconf 88' lang='lat' dir='ltr'>tua</span> <span class='ocrx_word' id='word_1_88' title='bbox 400 1510 496 1586; x_wconf 80' lang='lat' dir='ltr'>gratia</span> <span class='ocrx_word' id='word_1_89' title='bbox 523 1509 630 1586; x_wconf 83' lang='lat' dir='ltr'>dignos</span> <span class='ocrx_word' id='word_1_90' title='bbox 651 1509 787 1581; x_wconf 85' lang='lat' dir='ltr'>efficiant,</span> <span class='ocrx_word' id='word_1_91' title='bbox 809 1515 839 1567; x_wconf 90' lang='lat' dir='ltr'>et</span> <span class='ocrx_word' id='word_1_92' title='bbox 859 1509 897 1566; x_wconf 87' lang='lat' dir='ltr'>ad</span> <span class='ocrx_word' id='word_1_93' title='bbox 921 1510 1099 1586; x_wconf 86' lang='lat' dir='ltr'>sempiterna</span> <span class='ocrx_word' id='word_1_94' title='bbox 1127 1509 1269 1586; x_wconf 87' lang='lat' dir='ltr'>promissa</span> 
     </span>
     <span class='ocr_line' id='line_1_15' title="bbox 64 1587 527 1664; baseline 0.006 -20"><span class='ocrx_word' id='word_1_95' title='bbox 64 1587 234 1664; x_wconf 84' lang='lat' dir='ltr'>perducant</span> <span class='ocrx_word' id='word_1_96' title='bbox 278 1588 337 1646; x_wconf 91' lang='lat' dir='ltr'>Per</span> <span class='ocrx_word' id='word_1_97' title='bbox 356 1589 527 1647; x_wconf 89' lang='lat' dir='ltr'>Dominum.</span> 
     </span>
    </p>

    <p class='ocr_par' dir='ltr' id='par_1_10' title="bbox 63 1667 1269 1826">
     <span class='ocr_line' id='line_1_16' title="bbox 127 1667 1269 1747; baseline 0 -20"><span class='ocrx_word' id='word_1_98' title='bbox 127 1667 306 1727; x_wconf 78' lang='lat' dir='ltr'>Commuur&#39;o.</span> <span class='ocrx_word' id='word_1_99' title='bbox 358 1670 433 1728; x_wconf 85' lang='lat' dir='ltr'>Ecce</span> <span class='ocrx_word' id='word_1_100' title='bbox 456 1672 540 1747; x_wconf 85' lang='lat' dir='ltr'>virgo</span> <span class='ocrx_word' id='word_1_101' title='bbox 563 1670 707 1747; x_wconf 85' lang='lat' dir='ltr'>concipiet</span> <span class='ocrx_word' id='word_1_102' title='bbox 731 1676 761 1727; x_wconf 90' lang='lat' dir='ltr'>et</span> <span class='ocrx_word' id='word_1_103' title='bbox 782 1669 878 1747; x_wconf 86' lang='lat' dir='ltr'>pariet</span> <span class='ocrx_word' id='word_1_104' title='bbox 902 1670 1031 1728; x_wconf 84' lang='lat' dir='ltr'>Filium:</span> <span class='ocrx_word' id='word_1_105' title='bbox 1063 1677 1094 1728; x_wconf 90' lang='lat' dir='ltr'>et</span> <span class='ocrx_word' id='word_1_106' title='bbox 1114 1669 1269 1729; x_wconf 78' lang='lat' dir='ltr'>vocabitur</span> 
     </span>
     <span class='ocr_line' id='line_1_17' title="bbox 63 1750 447 1826; baseline 0.005 -20"><span class='ocrx_word' id='word_1_107' title='bbox 63 1768 174 1807; x_wconf 89' lang='lat' dir='ltr'>nomen</span> <span class='ocrx_word' id='word_1_108' title='bbox 187 1750 250 1826; x_wconf 86' lang='lat' dir='ltr'>ejus</span> <span class='ocrx_word' id='word_1_109' title='bbox 264 1750 447 1808; x_wconf 84' lang='lat' dir='ltr'>Emmanuel</span> 
     </span>
    </p>

    <p class='ocr_par' dir='ltr' id='par_1_11' title="bbox 126 1829 368 1889">
     <span class='ocr_line' id='line_1_18' title="bbox 126 1829 368 1889; baseline 0.012 -3"><span class='ocrx_word' id='word_1_110' title='bbox 126 1829 368 1889; x_wconf 82' lang='lat' dir='ltr'>Postcommuueb.</span> 
     </span>
    </p>

    <p class='ocr_par' dir='ltr' id='par_1_12' title="bbox 61 1910 1321 2070">
     <span class='ocr_line' id='line_1_19' title="bbox 127 1910 1321 1989; baseline 0.002 -21"><span class='ocrx_word' id='word_1_111' title='bbox 127 1910 272 1969; x_wconf 79' lang='lat' dir='ltr'>Salutaris</span> <span class='ocrx_word' id='word_1_112' title='bbox 292 1912 347 1984; x_wconf 88' lang='lat' dir='ltr'>tui,</span> <span class='ocrx_word' id='word_1_113' title='bbox 364 1912 501 1984; x_wconf 86' lang='lat' dir='ltr'>Domine,</span> <span class='ocrx_word' id='word_1_114' title='bbox 518 1932 640 1970; x_wconf 90' lang='lat' dir='ltr'>munere</span> <span class='ocrx_word' id='word_1_115' title='bbox 665 1913 775 1986; x_wconf 85' lang='lat' dir='ltr'>satiati,</span> <span class='ocrx_word' id='word_1_116' title='bbox 794 1913 939 1989; x_wconf 88' lang='lat' dir='ltr'>supplices</span> <span class='ocrx_word' id='word_1_117' title='bbox 960 1919 990 1970; x_wconf 88' lang='lat' dir='ltr'>te</span> <span class='ocrx_word' id='word_1_118' title='bbox 1011 1913 1212 1989; x_wconf 80' lang='lat' dir='ltr'>deprecamur,</span> <span class='ocrx_word' id='word_1_119' title='bbox 1233 1918 1269 1970; x_wconf 87' lang='lat' dir='ltr'>ut</span> <span class='ocrx_word' id='word_1_120' title='bbox 1317 1951 1321 1960; x_wconf 87' lang='lat'>·</span> 
     </span>
     <span class='ocr_line' id='line_1_20' title="bbox 61 1991 1166 2070; baseline 0.002 -22"><span class='ocrx_word' id='word_1_121' title='bbox 61 1992 149 2067; x_wconf 88' lang='lat' dir='ltr'>cujus</span> <span class='ocrx_word' id='word_1_122' title='bbox 162 1991 297 2051; x_wconf 87' lang='lat' dir='ltr'>laetamur</span> <span class='ocrx_word' id='word_1_123' title='bbox 310 1999 406 2070; x_wconf 84' lang='lat' dir='ltr'>gustu,</span> <span class='ocrx_word' id='word_1_124' title='bbox 422 2013 599 2052; x_wconf 82' lang='lat' dir='ltr'>renovemur</span> <span class='ocrx_word' id='word_1_125' title='bbox 613 1994 728 2051; x_wconf 87' lang='lat' dir='ltr'>effectu.</span> <span class='ocrx_word' id='word_1_126' title='bbox 772 1994 831 2051; x_wconf 88' lang='lat' dir='ltr'>Per</span> <span class='ocrx_word' id='word_1_127' title='bbox 845 1994 1010 2051; x_wconf 87' lang='lat' dir='ltr'>Dominum</span> <span class='ocrx_word' id='word_1_128' title='bbox 1023 2001 1166 2052; x_wconf 89' lang='lat' dir='ltr'>nostrum.</span> 
     </span>
    </p>
   </div>
   <div class='ocr_carea' id='block_1_3' title="bbox 306 2163 1022 2239">
    <p class='ocr_par' dir='ltr' id='par_1_13' title="bbox 306 2163 1022 2239">
     <span class='ocr_line' id='line_1_21' title="bbox 306 2163 1022 2239; baseline 0 -17"><span class='ocrx_word' id='word_1_129' title='bbox 306 2165 406 2222; x_wconf 75' lang='lat' dir='ltr'>Fama</span> <span class='ocrx_word' id='word_1_130' title='bbox 427 2164 557 2236; x_wconf 79' lang='lat' dir='ltr'>Qunvra,</span> <span class='ocrx_word' id='word_1_131' title='bbox 579 2174 614 2221; x_wconf 89' lang='lat' dir='ltr'>ut</span> <span class='ocrx_word' id='word_1_132' title='bbox 633 2166 667 2221; x_wconf 80' lang='lat' dir='ltr'>iu</span> <span class='ocrx_word' id='word_1_133' title='bbox 687 2164 850 2235; x_wconf 82' lang='lat' dir='ltr'>Doueiuicu,</span> <span class='ocrx_word' id='word_1_134' title='bbox 864 2163 1022 2239; x_wconf 77' lang='lat' dir='ltr'>ferialiter.</span> 
     </span>
    </p>
   </div>
   <div class='ocr_carea' id='block_1_4' title="bbox 351 2286 969 2356">
    <p class='ocr_par' dir='ltr' id='par_1_14' title="bbox 351 2286 969 2356">
     <span class='ocr_line' id='line_1_22' title="bbox 351 2286 969 2356; baseline 0.003 -12"><span class='ocrx_word' id='word_1_135' title='bbox 351 2287 450 2345; x_wconf 74' lang='lat' dir='ltr'>Fama</span> <span class='ocrx_word' id='word_1_136' title='bbox 473 2287 577 2344; x_wconf 77' lang='lat' dir='ltr'>erra</span> <span class='ocrx_word' id='word_1_137' title='bbox 598 2286 767 2356; x_wconf 77' lang='lat' dir='ltr'>Qunrruoa</span> <span class='ocrx_word' id='word_1_138' title='bbox 788 2287 969 2346; x_wconf 77' lang='lat' dir='ltr'>Taurorum</span> 
     </span>
    </p>
   </div>
   <div class='ocr_carea' id='block_1_5' title="bbox 54 2398 1331 3587">
    <p class='ocr_par' dir='ltr' id='par_1_15' title="bbox 57 2398 1331 2638">
     <span class='ocr_line' id='line_1_23' title="bbox 123 2398 503 2474; baseline 0.008 -19"><span class='ocrx_word' id='word_1_139' title='bbox 123 2398 173 2457; x_wconf 82' lang='lat' dir='ltr'>Ad</span> <span class='ocrx_word' id='word_1_140' title='bbox 186 2399 318 2456; x_wconf 80' lang='lat' dir='ltr'>Missum.</span> <span class='ocrx_word' id='word_1_141' title='bbox 363 2399 503 2474; x_wconf 79' lang='lat' dir='ltr'>Officium</span> 
     </span>
     <span class='ocr_line' id='line_1_24' title="bbox 123 2478 1264 2557; baseline 0.002 -20"><span class='ocrx_word' id='word_1_142' title='bbox 123 2478 221 2555; x_wconf 88' lang='lat' dir='ltr'>Prope</span> <span class='ocrx_word' id='word_1_143' title='bbox 242 2486 313 2552; x_wconf 89' lang='lat' dir='ltr'>esto,</span> <span class='ocrx_word' id='word_1_144' title='bbox 335 2480 472 2553; x_wconf 82' lang='lat' dir='ltr'>Domine,</span> <span class='ocrx_word' id='word_1_145' title='bbox 495 2487 525 2538; x_wconf 92' lang='lat' dir='ltr'>et</span> <span class='ocrx_word' id='word_1_146' title='bbox 545 2501 645 2538; x_wconf 91' lang='lat' dir='ltr'>omnes</span> <span class='ocrx_word' id='word_1_147' title='bbox 665 2482 721 2539; x_wconf 73' lang='lat' dir='ltr'>vire</span> <span class='ocrx_word' id='word_1_148' title='bbox 741 2487 801 2539; x_wconf 89' lang='lat' dir='ltr'>tuae</span> <span class='ocrx_word' id='word_1_149' title='bbox 822 2481 951 2540; x_wconf 86' lang='lat' dir='ltr'>veritas:</span> <span class='ocrx_word' id='word_1_150' title='bbox 973 2481 1061 2539; x_wconf 90' lang='lat' dir='ltr'>initio</span> <span class='ocrx_word' id='word_1_151' title='bbox 1082 2482 1205 2557; x_wconf 84' lang='lat' dir='ltr'>cognovi</span> <span class='ocrx_word' id='word_1_152' title='bbox 1228 2481 1264 2540; x_wconf 91' lang='lat' dir='ltr'>de</span> 
     </span>
     <span class='ocr_line' id='line_1_25' title="bbox 57 2561 1331 2638; baseline 0.001 -20"><span class='ocrx_word' id='word_1_153' title='bbox 57 2561 241 2618; x_wconf 74' lang='lat' dir='ltr'>testimoniis</span> <span class='ocrx_word' id='word_1_154' title='bbox 254 2562 323 2634; x_wconf 89' lang='lat' dir='ltr'>tuis,</span> <span class='ocrx_word' id='word_1_155' title='bbox 338 2563 408 2638; x_wconf 92' lang='lat' dir='ltr'>quia</span> <span class='ocrx_word' id='word_1_156' title='bbox 422 2563 453 2619; x_wconf 90' lang='lat' dir='ltr'>in</span> <span class='ocrx_word' id='word_1_157' title='bbox 467 2568 610 2619; x_wconf 86' lang='lat' dir='ltr'>aeternum</span> <span class='ocrx_word' id='word_1_158' title='bbox 626 2569 660 2618; x_wconf 89' lang='lat' dir='ltr'>tu</span> <span class='ocrx_word' id='word_1_159' title='bbox 674 2582 711 2620; x_wconf 88' lang='lat' dir='ltr'>es.</span> <span class='ocrx_word' id='word_1_160' title='bbox 1330 2562 1331 2566; x_wconf 67' lang='grc'>’</span> 
     </span>
    </p>

    <p class='ocr_par' dir='ltr' id='par_1_16' title="bbox 122 2641 269 2699">
     <span class='ocr_line' id='line_1_26' title="bbox 122 2641 269 2699; baseline 0.007 -1"><span class='ocrx_word' id='word_1_161' title='bbox 122 2641 269 2699; x_wconf 84' lang='lat' dir='ltr'>Paelmua.</span> 
     </span>
    </p>

    <p class='ocr_par' dir='ltr' id='par_1_17' title="bbox 122 2721 1047 2800">
     <span class='ocr_line' id='line_1_27' title="bbox 122 2721 1047 2800; baseline 0.001 -21"><span class='ocrx_word' id='word_1_162' title='bbox 122 2721 210 2779; x_wconf 80' lang='lat' dir='ltr'>Beati</span> <span class='ocrx_word' id='word_1_163' title='bbox 223 2721 404 2780; x_wconf 90' lang='lat' dir='ltr'>immaculati</span> <span class='ocrx_word' id='word_1_164' title='bbox 419 2723 451 2780; x_wconf 92' lang='lat' dir='ltr'>in</span> <span class='ocrx_word' id='word_1_165' title='bbox 465 2724 534 2781; x_wconf 87' lang='lat' dir='ltr'>vie:</span> <span class='ocrx_word' id='word_1_166' title='bbox 559 2722 611 2798; x_wconf 90' lang='lat' dir='ltr'>qui</span> <span class='ocrx_word' id='word_1_167' title='bbox 624 2723 778 2781; x_wconf 88' lang='lat' dir='ltr'>ambulant</span> <span class='ocrx_word' id='word_1_168' title='bbox 792 2725 825 2780; x_wconf 90' lang='lat' dir='ltr'>in</span> <span class='ocrx_word' id='word_1_169' title='bbox 838 2724 901 2800; x_wconf 87' lang='lat' dir='ltr'>lege</span> <span class='ocrx_word' id='word_1_170' title='bbox 916 2723 1047 2780; x_wconf 85' lang='lat' dir='ltr'>Domini</span> 
     </span>
    </p>

    <p class='ocr_par' dir='ltr' id='par_1_18' title="bbox 123 2802 234 2862">
     <span class='ocr_line' id='line_1_28' title="bbox 123 2802 234 2862; baseline 0.009 -1"><span class='ocrx_word' id='word_1_171' title='bbox 123 2802 234 2862; x_wconf 84' lang='lat' dir='ltr'>Orute&#39;c.</span> 
     </span>
    </p>

    <p class='ocr_par' dir='ltr' id='par_1_19' title="bbox 56 2883 1260 3040">
     <span class='ocr_line' id='line_1_29' title="bbox 121 2883 1260 2961; baseline 0.003 -21"><span class='ocrx_word' id='word_1_172' title='bbox 121 2883 237 2954; x_wconf 84' lang='lat' dir='ltr'>Excita,</span> <span class='ocrx_word' id='word_1_173' title='bbox 252 2884 388 2956; x_wconf 87' lang='lat' dir='ltr'>Domine,</span> <span class='ocrx_word' id='word_1_174' title='bbox 403 2885 566 2961; x_wconf 84' lang='lat' dir='ltr'>potentiam</span> <span class='ocrx_word' id='word_1_175' title='bbox 587 2890 669 2942; x_wconf 89' lang='lat' dir='ltr'>tuam</span> <span class='ocrx_word' id='word_1_176' title='bbox 684 2890 715 2941; x_wconf 91' lang='lat' dir='ltr'>et</span> <span class='ocrx_word' id='word_1_177' title='bbox 728 2884 797 2941; x_wconf 88' lang='lat' dir='ltr'>veni</span> <span class='ocrx_word' id='word_1_178' title='bbox 811 2904 819 2956; x_wconf 81' lang='lat'>3</span> <span class='ocrx_word' id='word_1_179' title='bbox 849 2890 885 2941; x_wconf 90' lang='lat' dir='ltr'>ut</span> <span class='ocrx_word' id='word_1_180' title='bbox 905 2883 938 2940; x_wconf 92' lang='lat' dir='ltr'>hi</span> <span class='ocrx_word' id='word_1_181' title='bbox 958 2884 1010 2958; x_wconf 93' lang='lat' dir='ltr'>qui</span> <span class='ocrx_word' id='word_1_182' title='bbox 1030 2884 1063 2940; x_wconf 92' lang='lat' dir='ltr'>in</span> <span class='ocrx_word' id='word_1_183' title='bbox 1076 2890 1128 2940; x_wconf 90' lang='lat' dir='ltr'>tua</span> <span class='ocrx_word' id='word_1_184' title='bbox 1148 2883 1260 2959; x_wconf 87' lang='lat' dir='ltr'>pietate</span> 
     </span>
     <span class='ocr_line' id='line_1_30' title="bbox 56 2963 1207 3040; baseline 0.003 -20"><span class='ocrx_word' id='word_1_185' title='bbox 56 2963 222 3034; x_wconf 86' lang='lat' dir='ltr'>confidunt,</span> <span class='ocrx_word' id='word_1_186' title='bbox 236 2965 274 3022; x_wconf 89' lang='lat' dir='ltr'>ab</span> <span class='ocrx_word' id='word_1_187' title='bbox 288 2965 369 3023; x_wconf 89' lang='lat' dir='ltr'>omni</span> <span class='ocrx_word' id='word_1_188' title='bbox 383 2966 471 3023; x_wconf 90' lang='lat' dir='ltr'>citius</span> <span class='ocrx_word' id='word_1_189' title='bbox 484 2966 661 3023; x_wconf 88' lang='lat' dir='ltr'>adversitate</span> <span class='ocrx_word' id='word_1_190' title='bbox 675 2964 844 3022; x_wconf 88' lang='lat' dir='ltr'>liberentur.</span> <span class='ocrx_word' id='word_1_191' title='bbox 889 2964 948 3033; x_wconf 82' lang='lat' dir='ltr'>Qui</span> <span class='ocrx_word' id='word_1_192' title='bbox 962 2964 1039 3020; x_wconf 89' lang='lat' dir='ltr'>vivis</span> <span class='ocrx_word' id='word_1_193' title='bbox 1053 2969 1083 3021; x_wconf 90' lang='lat' dir='ltr'>et</span> <span class='ocrx_word' id='word_1_194' title='bbox 1098 2983 1207 3040; x_wconf 79' lang='lat' dir='ltr'>regnas</span> 
     </span>
    </p>

    <p class='ocr_par' dir='ltr' id='par_1_20' title="bbox 121 3043 912 3104">
     <span class='ocr_line' id='line_1_31' title="bbox 121 3043 912 3104; baseline 0.001 -4"><span class='ocrx_word' id='word_1_195' title='bbox 121 3043 266 3103; x_wconf 70' lang='lat' dir='ltr'>Mercurio</span> <span class='ocrx_word' id='word_1_196' title='bbox 279 3047 314 3103; x_wconf 81' lang='lat' dir='ltr'>de</span> <span class='ocrx_word' id='word_1_197' title='bbox 327 3055 428 3104; x_wconf 75' lang='lat' dir='ltr'>sueretu</span> <span class='ocrx_word' id='word_1_198' title='bbox 441 3045 478 3102; x_wconf 89' lang='lat' dir='ltr'><em>M</em></span> <span class='ocrx_word' id='word_1_199' title='bbox 477 3047 545 3103; x_wconf 79' lang='lat' dir='ltr'>urie</span> <span class='ocrx_word' id='word_1_200' title='bbox 558 3055 584 3103; x_wconf 88' lang='lat' dir='ltr'>et</span> <span class='ocrx_word' id='word_1_201' title='bbox 597 3047 631 3103; x_wconf 84' lang='lat' dir='ltr'>de</span> <span class='ocrx_word' id='word_1_202' title='bbox 645 3045 778 3102; x_wconf 74' lang='lat' dir='ltr'>erunibus</span> <span class='ocrx_word' id='word_1_203' title='bbox 791 3045 912 3102; x_wconf 74' lang='lat' dir='ltr'>b&#39;aractis.</span> 
     </span>
    </p>

    <p class='ocr_par' dir='ltr' id='par_1_21' title="bbox 122 3124 655 3204">
     <span class='ocr_line' id='line_1_32' title="bbox 122 3124 655 3204; baseline 0.004 -22"><span class='ocrx_word' id='word_1_204' title='bbox 122 3124 219 3184; x_wconf 79' lang='lat' dir='ltr'>Lectio</span> <span class='ocrx_word' id='word_1_205' title='bbox 232 3126 332 3184; x_wconf 80' lang='lat' dir='ltr'>Esuiee</span> <span class='ocrx_word' id='word_1_206' title='bbox 348 3127 494 3202; x_wconf 80' lang='lat' dir='ltr'>Proplutae</span> <span class='ocrx_word' id='word_1_207' title='bbox 507 3127 563 3204; x_wconf 83' lang='lat' dir='ltr'>(rei.</span> <span class='ocrx_word' id='word_1_208' title='bbox 582 3126 627 3182; x_wconf 85' lang='grc'>1-5</span> <span class='ocrx_word' id='word_1_209' title='bbox 629 3126 655 3203; x_wconf 87' lang='lat'><em>)</em></span> 
     </span>
    </p>

    <p class='ocr_par' dir='ltr' id='par_1_22' title="bbox 55 3205 1261 3364">
     <span class='ocr_line' id='line_1_33' title="bbox 122 3205 1261 3283; baseline 0.003 -20"><span class='ocrx_word' id='word_1_210' title='bbox 122 3205 197 3264; x_wconf 84' lang='lat' dir='ltr'>Haec</span> <span class='ocrx_word' id='word_1_211' title='bbox 210 3206 442 3264; x_wconf 87' lang='lat' dir='ltr'>dicit&#39;Dominus</span> <span class='ocrx_word' id='word_1_212' title='bbox 456 3208 538 3264; x_wconf 89' lang='lat' dir='ltr'>Deus</span> <span class='ocrx_word' id='word_1_213' title='bbox 550 3228 556 3264; x_wconf 94' lang='lat'>:</span> <span class='ocrx_word' id='word_1_214' title='bbox 574 3207 751 3283; x_wconf 79' lang='lat' dir='ltr'>Egredietur</span> <span class='ocrx_word' id='word_1_215' title='bbox 763 3206 847 3282; x_wconf 86' lang='lat' dir='ltr'>virga</span> <span class='ocrx_word' id='word_1_216' title='bbox 861 3207 896 3262; x_wconf 91' lang='lat' dir='ltr'>de</span> <span class='ocrx_word' id='word_1_217' title='bbox 910 3205 1007 3263; x_wconf 83' lang='lat' dir='ltr'>radice</span> <span class='ocrx_word' id='word_1_218' title='bbox 1020 3206 1041 3264; x_wconf 88' lang='lat' dir='ltr'><strong>J</strong></span> <span class='ocrx_word' id='word_1_219' title='bbox 1042 3225 1103 3264; x_wconf 88' lang='lat' dir='ltr'>esse</span> <span class='ocrx_word' id='word_1_220' title='bbox 1116 3226 1206 3280; x_wconf 80' lang='lat' dir='ltr'>usque</span> <span class='ocrx_word' id='word_1_221' title='bbox 1218 3209 1261 3266; x_wconf 82' lang='lat' dir='ltr'>ud</span> 
     </span>
     <span class='ocr_line' id='line_1_34' title="bbox 55 3285 566 3364; baseline 0 -19"><span class='ocrx_word' id='word_1_222' title='bbox 55 3294 89 3345; x_wconf 80' lang='lat' dir='ltr'>et</span> <span class='ocrx_word' id='word_1_223' title='bbox 104 3285 176 3344; x_wconf 91' lang='lat' dir='ltr'>fides</span> <span class='ocrx_word' id='word_1_224' title='bbox 190 3287 365 3345; x_wconf 87' lang='lat' dir='ltr'>cinctorium</span> <span class='ocrx_word' id='word_1_225' title='bbox 378 3308 483 3346; x_wconf 89' lang='lat' dir='ltr'>renum</span> <span class='ocrx_word' id='word_1_226' title='bbox 497 3289 566 3364; x_wconf 88' lang='lat' dir='ltr'>ejus.</span> 
     </span>
    </p>

    <p class='ocr_par' dir='ltr' id='par_1_23' title="bbox 123 3366 256 3428">
     <span class='ocr_line' id='line_1_35' title="bbox 123 3366 256 3428; baseline 0.008 -2"><span class='ocrx_word' id='word_1_227' title='bbox 123 3366 256 3428; x_wconf 69' lang='lat' dir='ltr'>eraut.</span> 
     </span>
    </p>

    <p class='ocr_par' dir='ltr' id='par_1_24' title="bbox 54 3448 1258 3587">
     <span class='ocr_line' id='line_1_36' title="bbox 122 3448 1258 3523; baseline 0.002 -17"><span class='ocrx_word' id='word_1_228' title='bbox 122 3448 252 3508; x_wconf 81' lang='lat' dir='ltr'>Ostende</span> <span class='ocrx_word' id='word_1_229' title='bbox 279 3449 371 3523; x_wconf 86' lang='lat' dir='ltr'>nobis,</span> <span class='ocrx_word' id='word_1_230' title='bbox 400 3449 536 3521; x_wconf 90' lang='lat' dir='ltr'>Domine,</span> <span class='ocrx_word' id='word_1_231' title='bbox 566 3449 794 3508; x_wconf 84' lang='lat' dir='ltr'>misericordiam</span> <span class='ocrx_word' id='word_1_232' title='bbox 822 3454 923 3506; x_wconf 87' lang='lat' dir='ltr'>tuam:</span> <span class='ocrx_word' id='word_1_233' title='bbox 957 3455 988 3505; x_wconf 87' lang='lat' dir='ltr'>et</span> <span class='ocrx_word' id='word_1_234' title='bbox 1014 3449 1142 3507; x_wconf 89' lang='lat' dir='ltr'>salutare</span> <span class='ocrx_word' id='word_1_235' title='bbox 1170 3455 1258 3508; x_wconf 92' lang='lat' dir='ltr'>tuum</span> 
     </span>
     <span class='ocr_line' id='line_1_37' title="bbox 54 3529 212 3587; baseline 0 0"><span class='ocrx_word' id='word_1_236' title='bbox 54 3530 96 3587; x_wconf 89' lang='lat' dir='ltr'>da</span> <span class='ocrx_word' id='word_1_237' title='bbox 121 3529 212 3587; x_wconf 84' lang='lat' dir='ltr'>nobie.</span> 
     </span>
    </p>
   </div>
   <div class='ocr_carea' id='block_1_6' title="bbox 126 3609 1257 3688">
    <p class='ocr_par' dir='ltr' id='par_1_25' title="bbox 126 3609 1257 3688">
     <span class='ocr_line' id='line_1_38' title="bbox 126 3609 1257 3688; baseline 0.002 -20"><span class='ocrx_word' id='word_1_238' title='bbox 126 3609 234 3669; x_wconf 79' lang='lat' dir='ltr'>Versus.</span> <span class='ocrx_word' id='word_1_239' title='bbox 278 3610 470 3681; x_wconf 83' lang='lat' dir='ltr'>Benedixisti,</span> <span class='ocrx_word' id='word_1_240' title='bbox 489 3611 625 3684; x_wconf 89' lang='lat' dir='ltr'>Domine,</span> <span class='ocrx_word' id='word_1_241' title='bbox 643 3617 752 3668; x_wconf 89' lang='lat' dir='ltr'>terram</span> <span class='ocrx_word' id='word_1_242' title='bbox 772 3617 877 3668; x_wconf 89' lang='lat' dir='ltr'>tuam:</span> <span class='ocrx_word' id='word_1_243' title='bbox 900 3609 1036 3668; x_wconf 86' lang='lat' dir='ltr'>avertisti</span> <span class='ocrx_word' id='word_1_244' title='bbox 1055 3609 1257 3688; x_wconf 85' lang='lat' dir='ltr'>captivitatem</span> 
     </span>
    </p>
   </div>
   <div class='ocr_carea' id='block_1_7' title="bbox 51 3690 1257 4576">
    <p class='ocr_par' dir='ltr' id='par_1_26' title="bbox 53 3690 160 3749">
     <span class='ocr_line' id='line_1_39' title="bbox 53 3690 160 3749; baseline 0 0"><span class='ocrx_word' id='word_1_245' title='bbox 53 3690 160 3749; x_wconf 86' lang='lat' dir='ltr'>Jacob</span> 
     </span>
    </p>

    <p class='ocr_par' dir='ltr' id='par_1_27' title="bbox 120 3770 427 3848">
     <span class='ocr_line' id='line_1_40' title="bbox 120 3770 427 3848; baseline 0.003 -18"><span class='ocrx_word' id='word_1_246' title='bbox 120 3770 280 3848; x_wconf 81' lang='lat' dir='ltr'>Repetutur</span> <span class='ocrx_word' id='word_1_247' title='bbox 295 3771 427 3831; x_wconf 78' lang='lat' dir='ltr'>Grudube.</span> 
     </span>
    </p>

    <p class='ocr_par' dir='ltr' id='par_1_28' title="bbox 118 3849 592 3930">
     <span class='ocr_line' id='line_1_41' title="bbox 118 3849 592 3930; baseline 0 -20"><span class='ocrx_word' id='word_1_248' title='bbox 118 3849 285 3911; x_wconf 67' lang='lat' dir='ltr'>&amp;muudum</span> <span class='ocrx_word' id='word_1_249' title='bbox 301 3853 412 3911; x_wconf 80' lang='lat' dir='ltr'>Lucum</span> <span class='ocrx_word' id='word_1_250' title='bbox 424 3852 461 3930; x_wconf 81' lang='lat' dir='ltr'>(i.</span> <span class='ocrx_word' id='word_1_251' title='bbox 478 3853 592 3930; x_wconf 80' lang='lat'>39-47).</span> 
     </span>
    </p>

    <p class='ocr_par' dir='ltr' id='par_1_29' title="bbox 53 3931 1257 4073">
     <span class='ocr_line' id='line_1_42' title="bbox 119 3931 1257 4011; baseline 0.002 -21"><span class='ocrx_word' id='word_1_252' title='bbox 119 3931 223 3990; x_wconf 91' lang='lat' dir='ltr'>Inillo</span> <span class='ocrx_word' id='word_1_253' title='bbox 240 3940 381 4011; x_wconf 87' lang='lat' dir='ltr'>tempore,</span> <span class='ocrx_word' id='word_1_254' title='bbox 397 3934 567 4011; x_wconf 85' lang='lat' dir='ltr'>Exsurgens</span> <span class='ocrx_word' id='word_1_255' title='bbox 588 3934 686 3992; x_wconf 88' lang='lat' dir='ltr'>Maria</span> <span class='ocrx_word' id='word_1_256' title='bbox 706 3932 780 3991; x_wconf 87' lang='lat' dir='ltr'>abiit</span> <span class='ocrx_word' id='word_1_257' title='bbox 796 3933 829 3990; x_wconf 91' lang='lat' dir='ltr'>in</span> <span class='ocrx_word' id='word_1_258' title='bbox 851 3938 992 3991; x_wconf 86' lang='lat' dir='ltr'>montana</span> <span class='ocrx_word' id='word_1_259' title='bbox 1014 3954 1104 4008; x_wconf 85' lang='lat' dir='ltr'>usque</span> <span class='ocrx_word' id='word_1_260' title='bbox 1128 3934 1169 3992; x_wconf 84' lang='lat' dir='ltr'>od</span> <span class='ocrx_word' id='word_1_261' title='bbox 1191 3933 1257 3993; x_wconf 91' lang='lat' dir='ltr'>Deo</span> 
     </span>
     <span class='ocr_line' id='line_1_43' title="bbox 53 4012 975 4073; baseline 0 -1"><span class='ocrx_word' id='word_1_262' title='bbox 53 4012 181 4072; x_wconf 86' lang='lat' dir='ltr'>salutari</span> <span class='ocrx_word' id='word_1_263' title='bbox 197 4033 270 4073; x_wconf 89' lang='lat' dir='ltr'>meo.</span> <span class='ocrx_word' id='word_1_264' title='bbox 972 4025 975 4034; x_wconf 92' lang='grc'><em>·</em></span> 
     </span>
    </p>

    <p class='ocr_par' dir='ltr' id='par_1_30' title="bbox 119 4092 313 4169">
     <span class='ocr_line' id='line_1_44' title="bbox 119 4092 313 4169; baseline 0.021 -18"><span class='ocrx_word' id='word_1_265' title='bbox 119 4092 313 4169; x_wconf 83' lang='lat' dir='ltr'>Offertoriuru.</span> 
     </span>
    </p>

    <p class='ocr_par' dir='ltr' id='par_1_31' title="bbox 52 4174 1257 4394">
     <span class='ocr_line' id='line_1_45' title="bbox 117 4174 1257 4252; baseline 0 -20"><span class='ocrx_word' id='word_1_266' title='bbox 117 4174 209 4248; x_wconf 85' lang='lat' dir='ltr'>Deus,</span> <span class='ocrx_word' id='word_1_267' title='bbox 230 4182 266 4233; x_wconf 90' lang='lat' dir='ltr'>tu</span> <span class='ocrx_word' id='word_1_268' title='bbox 286 4182 458 4235; x_wconf 82' lang='lat' dir='ltr'>convertens</span> <span class='ocrx_word' id='word_1_269' title='bbox 479 4176 641 4234; x_wconf 88' lang='lat' dir='ltr'>vivificabis</span> <span class='ocrx_word' id='word_1_270' title='bbox 661 4196 735 4236; x_wconf 90' lang='lat' dir='ltr'>nos:</span> <span class='ocrx_word' id='word_1_271' title='bbox 757 4183 787 4234; x_wconf 85' lang='lat' dir='ltr'>et</span> <span class='ocrx_word' id='word_1_272' title='bbox 808 4176 889 4252; x_wconf 89' lang='lat' dir='ltr'>plebs</span> <span class='ocrx_word' id='word_1_273' title='bbox 909 4183 962 4234; x_wconf 88' lang='lat' dir='ltr'>tua</span> <span class='ocrx_word' id='word_1_274' title='bbox 983 4175 1135 4233; x_wconf 85' lang='lat' dir='ltr'>laetabitur</span> <span class='ocrx_word' id='word_1_275' title='bbox 1154 4175 1186 4232; x_wconf 92' lang='lat' dir='ltr'>in</span> <span class='ocrx_word' id='word_1_276' title='bbox 1206 4181 1257 4232; x_wconf 89' lang='lat' dir='ltr'>te:</span> 
     </span>
     <span class='ocr_line' id='line_1_46' title="bbox 52 4255 1255 4394; baseline 0.002 -80"><span class='ocrx_word' id='word_1_277' title='bbox 52 4255 178 4394; x_wconf 51' lang='lat' dir='ltr'>cetegde</span> <span class='ocrx_word' id='word_1_278' title='bbox 195 4256 290 4329; x_wconf 91' lang='lat' dir='ltr'>nobis,</span> <span class='ocrx_word' id='word_1_279' title='bbox 306 4257 443 4330; x_wconf 90' lang='lat' dir='ltr'>Domine,</span> <span class='ocrx_word' id='word_1_280' title='bbox 458 4258 687 4316; x_wconf 88' lang='lat' dir='ltr'>misericordiam</span> <span class='ocrx_word' id='word_1_281' title='bbox 704 4263 795 4330; x_wconf 84' lang='lat' dir='ltr'>tuam,</span> <span class='ocrx_word' id='word_1_282' title='bbox 811 4264 841 4315; x_wconf 88' lang='lat' dir='ltr'>et</span> <span class='ocrx_word' id='word_1_283' title='bbox 862 4257 990 4315; x_wconf 88' lang='lat' dir='ltr'>salutare</span> <span class='ocrx_word' id='word_1_284' title='bbox 1006 4263 1093 4314; x_wconf 91' lang='lat' dir='ltr'>tuum</span> <span class='ocrx_word' id='word_1_285' title='bbox 1109 4256 1147 4313; x_wconf 87' lang='lat' dir='ltr'>da</span> <span class='ocrx_word' id='word_1_286' title='bbox 1162 4256 1255 4317; x_wconf 85' lang='lat' dir='ltr'>nobis.</span> 
     </span>
    </p>

    <p class='ocr_par' dir='ltr' id='par_1_32' title="bbox 139 4346 238 4394">
     <span class='ocr_line' id='line_1_47' title="bbox 139 4346 238 4394; baseline 0 0"><span class='ocrx_word' id='word_1_287' title='bbox 139 4346 238 4394; x_wconf 82' lang='lat' dir='ltr'>ecreto.</span> 
     </span>
    </p>

    <p class='ocr_par' dir='ltr' id='par_1_33' title="bbox 116 4416 1256 4496">
     <span class='ocr_line' id='line_1_48' title="bbox 116 4416 1256 4496; baseline 0.003 -22"><span class='ocrx_word' id='word_1_288' title='bbox 116 4416 295 4476; x_wconf 84' lang='lat' dir='ltr'>Muneribus</span> <span class='ocrx_word' id='word_1_289' title='bbox 321 4419 438 4492; x_wconf 90' lang='lat' dir='ltr'>nostris,</span> <span class='ocrx_word' id='word_1_290' title='bbox 467 4438 643 4496; x_wconf 87' lang='lat' dir='ltr'>quaesumus,</span> <span class='ocrx_word' id='word_1_291' title='bbox 666 4418 803 4491; x_wconf 87' lang='lat' dir='ltr'>Domine,</span> <span class='ocrx_word' id='word_1_292' title='bbox 826 4418 1017 4494; x_wconf 88' lang='lat' dir='ltr'>precibusque</span> <span class='ocrx_word' id='word_1_293' title='bbox 1051 4416 1200 4491; x_wconf 87' lang='lat' dir='ltr'>susceptis,</span> <span class='ocrx_word' id='word_1_294' title='bbox 1224 4421 1256 4478; x_wconf 69' lang='lat' dir='ltr'>cli</span> 
     </span>
    </p>

    <p class='ocr_par' dir='ltr' id='par_1_34' title="bbox 51 4496 1202 4576">
     <span class='ocr_line' id='line_1_49' title="bbox 51 4496 1202 4576; baseline 0 -20"><span class='ocrx_word' id='word_1_295' title='bbox 51 4496 221 4557; x_wconf 75' lang='lat' dir='ltr'>caelestibm</span> <span class='ocrx_word' id='word_1_296' title='bbox 234 4518 288 4557; x_wconf 85' lang='lat' dir='ltr'>nos</span> <span class='ocrx_word' id='word_1_297' title='bbox 300 4500 411 4558; x_wconf 89' lang='lat' dir='ltr'>munda</span> <span class='ocrx_word' id='word_1_298' title='bbox 425 4500 572 4576; x_wconf 89' lang='lat' dir='ltr'>mysteriis</span> <span class='ocrx_word' id='word_1_299' title='bbox 585 4506 616 4557; x_wconf 91' lang='lat' dir='ltr'>et</span> <span class='ocrx_word' id='word_1_300' title='bbox 629 4500 788 4557; x_wconf 88' lang='lat' dir='ltr'>clementer</span> <span class='ocrx_word' id='word_1_301' title='bbox 800 4498 916 4556; x_wconf 87' lang='lat' dir='ltr'>exaudi.</span> <span class='ocrx_word' id='word_1_302' title='bbox 959 4499 1019 4556; x_wconf 88' lang='lat' dir='ltr'>Per</span> <span class='ocrx_word' id='word_1_303' title='bbox 1031 4496 1202 4556; x_wconf 89' lang='lat' dir='ltr'>Dominum.</span> 
     </span>
    </p>
   </div>
   <div class='ocr_carea' id='block_1_8' title="bbox 0 0 1464 4986">
    <p class='ocr_par' dir='ltr' id='par_1_35' title="bbox 0 0 1464 4986">
     <span class='ocr_line' id='line_1_50' title="bbox 0 0 1464 4986; baseline 0 0"><span class='ocrx_word' id='word_1_304' title='bbox 0 0 1464 4986; x_wconf 95' lang='lat' dir='ltr'> </span> 
     </span>
    </p>
   </div>
  </div>
 </body>
</html>
