2918 4986
142 328 185 391 82
459 316 683 394 'Herdoneae
695 349 723 395 u
740 327 1025 416 Quadrupesimoe.

200 494 322 646 iiiiii,
333 594 509 651 quaesumus,
521 576 707 652 omnipotens
720 576 812 648 Deus,
824 584 861 634 ut
874 577 1005 654 dignitas
1018 577 1199 636 conditionis
1212 578 1352 639 humanae

138 654 461 796 pqqiffinopdplpanptiam
481 657 619 730 saucmta,
634 656 817 716 medicinalis
836 658 1023 735 parsimonie
1043 659 1143 717 studio
1163 659 1351 721 reformetur.

143 916 181 974 12
194 833 297 973 dam
310 833 446 892 Danielis
458 834 609 910 Prophetis
622 833 683 913 (iii.
701 834 816 913 35-45).
857 833 1036 914 (cantuum
1051 835 1158 896 Trium
1172 830 1350 914 Puerorum,

201 914 369 1054 Ixi'diebus
393 995 461 1064 illis,
486 995 592 1055 Orarit
620 995 730 1053 Daniel
757 996 857 1055 dicens
866 1016 876 1070 3
906 996 1037 1056 Domine
1065 998 1148 1057 Deus
1179 999 1285 1075 Israel,
1313 1021 1351 1060 ne

140 1078 283 1154 despicias
309 1076 451 1153 populum
477 1084 572 1149 tuum,
588 1096 684 1152 neque
706 1076 822 1134 auferas
847 1077 1077 1136 misericordiam
1100 1086 1185 1137 tuam
1213 1100 1232 1138 a
1258 1082 1345 1141 nobis

140 1179 231 1236 usque
250 1159 292 1216 od
312 1158 353 1215 Et
373 1157 468 1215 sciant
485 1158 555 1233 quia
574 1162 610 1214 tu
627 1177 657 1214 es
676 1156 824 1215 Dominus
846 1158 929 1216 Deus
946 1161 1034 1232 solus,
1047 1165 1079 1218 et
1095 1160 1240 1237 gloriosus
1260 1181 1350 1241 super

141 1259 259 1301 omnem
272 1245 390 1311 terram,
406 1238 535 1296 Domine
549 1238 631 1295 Deus
644 1244 751 1296 noster.

201 1319 451 1496 libilitiekbostiss,
465 1405 496 1457 et
513 1399 636 1457 introite
656 1399 690 1456 in
707 1399 784 1457 atria
800 1400 884 1476 ejus:
904 1400 1025 1458 adorate
1043 1402 1210 1460 Dominum
1228 1403 1263 1462 iri
1277 1357 1348 1464 'aula

141 1489 359 1659 qanquqpaqst
386 1561 534 1620 Dominus
561 1561 725 1620 condensa:
761 1566 792 1619 et
822 1561 856 1619 in
881 1561 992 1638 templo
1024 1564 1088 1640 ejus
1118 1583 1221 1623 omnes
1247 1564 1348 1626 dicent

139 1647 368 1786 glorlivdddudum
381 1721 408 1780 J
406 1723 548 1795 elusanam
561 1720 627 1800 (cii.
644 1721 760 1801 40-53).

202 1808 242 1866 In
263 1807 315 1864 illo
339 1811 480 1880 tempore,
506 1803 582 1860 Cum
605 1803 756 1861 audissent
777 1803 897 1879 quidam
920 1804 958 1864 de
980 1805 1071 1863 turba
1091 1825 1241 1866 sermones
1264 1806 1347 1881 ἔθευ,

141 1888 279 1948 dicebant
288 1907 297 1960 3
318 1886 379 1943 Hic
398 1890 442 1941 est
456 1903 525 1942 vere
542 1883 687 1960 propheta
705 1904 797 1960 oeque
810 1884 851 1942 ad
871 1885 913 1944 Et
929 1887 1039 1944 reversi
1055 1894 1127 1945 sunt
1142 1888 1346 1968 unusquisque

139 1970 174 2028 in
187 1970 307 2027 domum
321 1985 412 2022 suam.

201 2047 393 2123 Offertordum.

138 2230 190 2270 mu
191 2127 437 2268 rSqqpiers{quina
454 2124 626 2202 Babylonis,
645 2125 706 2184 illic
723 2125 851 2185 sedimus
868 2131 900 2186 et
917 2127 1071 2187 flevimus:
1091 2128 1165 2187 dum
1182 2130 1346 2191 recordare·

267 2253 274 2281 ‚
364 2250 370 2263 .

137 2407 144 2417 ·
198 2291 326 2429 Dedidirie
340 2368 422 2427 Deus
439 2373 547 2440 noster,
563 2367 616 2443 qui
635 2367 668 2425 in
681 2367 728 2425 his
747 2369 847 2444 potius
861 2372 1011 2444 creaturis,
1027 2390 1100 2446 quas
1114 2371 1152 2429 ad
1173 2371 1343 2450 fragilitatis

135 2460 243 2513 nostrae
257 2450 421 2509 subsidium
434 2449 600 2521 condidisti,
615 2453 667 2507 tuo
682 2468 797 2526 quoque
815 2451 930 2509 nomini
948 2471 1071 2510 munera
1086 2453 1205 2528 jussisti
1220 2454 1343 2514 dicanda

136 2533 296 2604 constitui;
325 2531 431 2602 tribue,
454 2549 629 2607 quaesumus,
652 2535 687 2586 ut
711 2536 742 2587 et
762 2530 832 2587 vitae
854 2532 939 2589 nobis
959 2533 1113 2608 praesentis
1136 2533 1296 2610 auxilium,
1314 2541 1343 2593 et

135 2615 311 2675 aeternitatis
324 2612 453 2670 efficiant
465 2616 691 2670 sacramentum.
733 2610 792 2668 Per
805 2611 976 2671 Dominum

193 2713 452 2853 liodrirbiihidwierbi
469 2789 516 2847 tui
536 2808 621 2847 servo
642 2793 705 2861 tuo,
719 2787 857 2863 Domine,
877 2789 910 2848 in
931 2809 990 2867 quo
1012 2789 1088 2848 mihi
1108 2810 1193 2869 spem
1215 2792 1342 2854 dedisti:

120 2875 196 2939 ,haec
210 2894 257 2932 me
272 2872 421 2933 consolata
435 2878 480 2929 est
493 2871 526 2928 in
539 2869 711 2928 humilitate
724 2888 796 2930 mea.

194 2965 435 3027 Postcommunio.

194 3050 281 3121 Quod
298 3067 347 3106 ore
365 3044 552 3122 sumpsimus,
567 3043 705 3116 Domine,
720 3063 796 3120 pura
812 3049 913 3102 mente
933 3045 1092 3121 capiamus,
1108 3051 1140 3104 et
1160 3046 1199 3106 de
1216 3054 1339 3109 munere

131 3131 288 3209 temporali
301 3130 354 3186 fiat
367 3127 452 3184 nobis
466 3125 629 3184 remedium
643 3125 864 3200 sempiternum.
908 3125 968 3183 Per
981 3126 1155 3184 Dominum.

193 3228 288 3304 Super
301 3224 457 3300 Populum.

191 3309 274 3379 Esto,
289 3324 463 3382 quaesumus,
479 3303 615 3375 Domine,
631 3301 778 3380 propitius
797 3301 878 3379 plebi
891 3308 970 3375 tuae,
990 3308 1026 3360 ut
1039 3323 1105 3379 quae
1123 3304 1182 3362 tibi
1198 3324 1262 3364 uon
1278 3307 1340 3385 pla-

130 3395 199 3528 creprt
205 3406 377 3527 1533>ssan
397 3391 519 3442 tuorum
545 3384 645 3460 potius
671 3384 822 3459 repleatur
848 3384 1094 3442 delectationibus
1120 3387 1337 3448 mandatorum.

615 3620 716 3680 Furem
736 3620 846 3680 Sarra

193 3728 335 3805 Officium.

191 3811 334 3869 Miserere
346 3807 430 3880 mihi,
446 3807 583 3880 Domine,
599 3807 740 3884 quoniam
753 3809 882 3867 tribulor
894 3829 900 3868 :
921 3809 1015 3867 libera
1027 3829 1084 3883 me,
1099 3815 1131 3868 et
1145 3810 1225 3888 eripe
1241 3831 1289 3872 me
1301 3812 1339 3872 de

129 3892 267 3950 manibus
288 3889 475 3947 inimicorum
497 3888 647 3947 meoru'm:
676 3894 707 3947 et
728 3910 747 3947 a
768 3891 1013 3968 persequentibus
1036 3910 1092 3964 me,
1111 3891 1253 3968 Domine,
1275 3913 1337 3954 non

130 3971 302 4043 confundar,
318 3970 458 4047 quoniam
471 3970 607 4028 invocavi
620 3976 658 4027 te.

191 4052 335 4113 Psalmaa.
622 4112 624 4116 ,
863 4102 867 4109 ,

188 4134 282 4205 Inte,
297 4132 435 4204 Domine,
450 4131 584 4209 sperari:
605 4151 667 4190 non
681 4132 846 4191 confundar
859 4134 892 4192 in
906 4139 1061 4192 aeternum.

191 4215 299 4272 Oratio.

188 4295 333 4353 Oordibus
346 4294 464 4366 nostris,
475 4292 613 4366 Domine,
626 4295 771 4353 auxilium
784 4296 886 4373 gratiae
901 4302 961 4354 tuse
976 4296 1121 4374 benignus
1135 4297 1280 4374 infunde3
1299 4305 1336 4358 ut

121 4380 244 4457 peccata
267 4384 369 4435 nostra
392 4376 583 4452 castigatione
606 4377 777 4434 voluntaria
803 4377 982 4448 cohibentes,
1006 4378 1212 4455 temporaliter
1235 4381 1336 4458 potius

119 4473 313 4533 maceremur,
324 4478 413 4536 quam
426 4456 577 4534 suppliciis
591 4456 767 4535 deputemur
780 4459 905 4518 aeternis.
950 4459 1009 4517 Per
1023 4459 1195 4520 Dominum.
