<?xml version="1.0" encoding="UTF-8"?>
<!DOCTYPE html PUBLIC "-//W3C//DTD XHTML 1.0 Transitional//EN"
    "http://www.w3.org/TR/xhtml1/DTD/xhtml1-transitional.dtd">
<html xmlns="http://www.w3.org/1999/xhtml" xml:lang="en" lang="en">
 <head>
  <title>
</title>
<meta http-equiv="Content-Type" content="text/html;charset=utf-8" />
  <meta name='ocr-system' content='tesseract 3.04.00' />
  <meta name='ocr-capabilities' content='ocr_page ocr_carea ocr_par ocr_line ocrx_word'/>
</head>
<body>
  <div class='ocr_page' id='page_1' title='image "./missaleadusumin03churgoog_0014.png"; bbox 0 0 2918 4986; ppageno 0'>
   <div class='ocr_carea' id='block_1_1' title="bbox 625 406 768 494">
    <p class='ocr_par' dir='ltr' id='par_1_1' title="bbox 625 406 768 494">
     <span class='ocr_line' id='line_1_1' title="bbox 625 406 768 494; baseline 0 -23"><span class='ocrx_word' id='word_1_1' title='bbox 625 406 768 494; x_wconf 78' lang='lat' dir='ltr'>Prcfoce.</span> 
     </span>
    </p>
   </div>
   <div class='ocr_carea' id='block_1_2' title="bbox 179 573 1318 4363">
    <p class='ocr_par' dir='ltr' id='par_1_2' title="bbox 179 573 1318 4363">
     <span class='ocr_line' id='line_1_2' title="bbox 344 573 850 650; baseline -0.006 -17"><span class='ocrx_word' id='word_1_2' title='bbox 344 576 451 633; x_wconf 82' lang='lat' dir='ltr'>Sancte</span> <span class='ocrx_word' id='word_1_3' title='bbox 465 574 482 633; x_wconf 77' lang='lat' dir='ltr'>d</span> <span class='ocrx_word' id='word_1_4' title='bbox 487 573 616 632; x_wconf 85' lang='lat' dir='ltr'>ohannes</span> <span class='ocrx_word' id='word_1_5' title='bbox 631 573 776 650; x_wconf 73' lang='lat' dir='ltr'>Baptista,</span> <span class='ocrx_word' id='word_1_6' title='bbox 792 592 850 630; x_wconf 91' lang='lat' dir='ltr'>ora.</span> 
     </span>
     <span class='ocr_line' id='line_1_3' title="bbox 344 652 1083 730; baseline -0.005 -17"><span class='ocrx_word' id='word_1_7' title='bbox 344 656 454 714; x_wconf 84' lang='lat' dir='ltr'><strong>Omnes</strong></span> <span class='ocrx_word' id='word_1_8' title='bbox 468 655 562 712; x_wconf 89' lang='lat' dir='ltr'>sancti</span> <span class='ocrx_word' id='word_1_9' title='bbox 576 654 755 712; x_wconf 79' lang='lat' dir='ltr'>Patriarchae</span> <span class='ocrx_word' id='word_1_10' title='bbox 769 660 799 712; x_wconf 89' lang='lat' dir='ltr'>et</span> <span class='ocrx_word' id='word_1_11' title='bbox 813 652 978 730; x_wconf 78' lang='lat' dir='ltr'>Prophetae,</span> <span class='ocrx_word' id='word_1_12' title='bbox 994 657 1083 710; x_wconf 91' lang='lat' dir='ltr'>orate.</span> 
     </span>
     <span class='ocr_line' id='line_1_4' title="bbox 344 735 679 808; baseline -0.009 -13"><span class='ocrx_word' id='word_1_13' title='bbox 344 737 451 795; x_wconf 86' lang='lat' dir='ltr'>Sancte</span> <span class='ocrx_word' id='word_1_14' title='bbox 465 735 605 808; x_wconf 87' lang='lat' dir='ltr'>Matthia,</span> <span class='ocrx_word' id='word_1_15' title='bbox 621 755 679 793; x_wconf 88' lang='lat' dir='ltr'>ora.</span> 
     </span>
     <span class='ocr_line' id='line_1_5' title="bbox 345 816 685 888; baseline -0.006 -13"><span class='ocrx_word' id='word_1_16' title='bbox 345 818 452 876; x_wconf 74' lang='lat' dir='ltr'>Sancte</span> <span class='ocrx_word' id='word_1_17' title='bbox 466 816 610 888; x_wconf 84' lang='lat' dir='ltr'>Bamaba,</span> <span class='ocrx_word' id='word_1_18' title='bbox 626 836 685 874; x_wconf 88' lang='lat' dir='ltr'>ora.</span> 
     </span>
     <span class='ocr_line' id='line_1_6' title="bbox 345 897 627 967; baseline -0.007 -11"><span class='ocrx_word' id='word_1_19' title='bbox 345 899 452 957; x_wconf 84' lang='lat' dir='ltr'>Sancte</span> <span class='ocrx_word' id='word_1_20' title='bbox 466 897 554 967; x_wconf 89' lang='lat' dir='ltr'>Luca,</span> <span class='ocrx_word' id='word_1_21' title='bbox 568 916 627 955; x_wconf 87' lang='lat' dir='ltr'>ora.</span> 
     </span>
     <span class='ocr_line' id='line_1_7' title="bbox 346 976 1090 1054; baseline -0.003 -16"><span class='ocrx_word' id='word_1_22' title='bbox 346 979 456 1038; x_wconf 86' lang='lat' dir='ltr'><strong>Omnes</strong></span> <span class='ocrx_word' id='word_1_23' title='bbox 469 978 565 1035; x_wconf 87' lang='lat' dir='ltr'>sancti</span> <span class='ocrx_word' id='word_1_24' title='bbox 577 977 717 1054; x_wconf 76' lang='lat' dir='ltr'>Apostoli</span> <span class='ocrx_word' id='word_1_25' title='bbox 731 984 761 1035; x_wconf 90' lang='lat' dir='ltr'>et</span> <span class='ocrx_word' id='word_1_26' title='bbox 776 976 984 1054; x_wconf 81' lang='lat' dir='ltr'>Evangelistae,</span> <span class='ocrx_word' id='word_1_27' title='bbox 1000 983 1090 1036; x_wconf 84' lang='lat' dir='ltr'>orate.</span> 
     </span>
     <span class='ocr_line' id='line_1_8' title="bbox 346 1057 974 1135; baseline -0.002 -18"><span class='ocrx_word' id='word_1_28' title='bbox 346 1059 456 1118; x_wconf 81' lang='lat' dir='ltr'><strong>Omnes</strong></span> <span class='ocrx_word' id='word_1_29' title='bbox 469 1059 564 1116; x_wconf 84' lang='lat' dir='ltr'>sancti</span> <span class='ocrx_word' id='word_1_30' title='bbox 577 1057 726 1135; x_wconf 80' lang='lat' dir='ltr'>Discipuli</span> <span class='ocrx_word' id='word_1_31' title='bbox 738 1057 870 1129; x_wconf 87' lang='lat' dir='ltr'>Domini,</span> <span class='ocrx_word' id='word_1_32' title='bbox 885 1065 974 1117; x_wconf 87' lang='lat' dir='ltr'>orate.</span> 
     </span>
     <span class='ocr_line' id='line_1_9' title="bbox 346 1139 867 1211; baseline -0.004 -13"><span class='ocrx_word' id='word_1_33' title='bbox 346 1139 456 1198; x_wconf 83' lang='lat' dir='ltr'><strong>Omnes</strong></span> <span class='ocrx_word' id='word_1_34' title='bbox 470 1139 566 1196; x_wconf 85' lang='lat' dir='ltr'>sancti</span> <span class='ocrx_word' id='word_1_35' title='bbox 576 1139 763 1211; x_wconf 87' lang='lat' dir='ltr'>Innocentes,</span> <span class='ocrx_word' id='word_1_36' title='bbox 778 1145 867 1196; x_wconf 85' lang='lat' dir='ltr'>orate.</span> 
     </span>
     <span class='ocr_line' id='line_1_10' title="bbox 347 1221 670 1292; baseline -0.006 -13"><span class='ocrx_word' id='word_1_37' title='bbox 347 1221 455 1279; x_wconf 83' lang='lat' dir='ltr'>Sancte</span> <span class='ocrx_word' id='word_1_38' title='bbox 469 1221 596 1292; x_wconf 82' lang='lat' dir='ltr'>Albane,</span> <span class='ocrx_word' id='word_1_39' title='bbox 611 1239 670 1277; x_wconf 84' lang='lat' dir='ltr'>ora.</span> 
     </span>
     <span class='ocr_line' id='line_1_11' title="bbox 349 1300 707 1370; baseline -0.006 -11"><span class='ocrx_word' id='word_1_40' title='bbox 349 1302 454 1359; x_wconf 81' lang='lat' dir='ltr'>Sancte</span> <span class='ocrx_word' id='word_1_41' title='bbox 468 1300 634 1370; x_wconf 83' lang='lat' dir='ltr'>Edmunde‚</span> <span class='ocrx_word' id='word_1_42' title='bbox 649 1320 707 1357; x_wconf 89' lang='lat' dir='ltr'>ora.</span> 
     </span>
     <span class='ocr_line' id='line_1_12' title="bbox 349 1380 666 1450; baseline 0 -11"><span class='ocrx_word' id='word_1_43' title='bbox 349 1382 457 1439; x_wconf 84' lang='lat' dir='ltr'>Sancte</span> <span class='ocrx_word' id='word_1_44' title='bbox 471 1380 593 1450; x_wconf 78' lang='lat' dir='ltr'>Thomu,</span> <span class='ocrx_word' id='word_1_45' title='bbox 608 1400 666 1439; x_wconf 81' lang='lat' dir='ltr'>ore.</span> 
     </span>
     <span class='ocr_line' id='line_1_13' title="bbox 350 1461 843 1537; baseline -0.002 -17"><span class='ocrx_word' id='word_1_46' title='bbox 350 1462 460 1521; x_wconf 84' lang='lat' dir='ltr'><strong>Omnes</strong></span> <span class='ocrx_word' id='word_1_47' title='bbox 473 1461 568 1519; x_wconf 87' lang='lat' dir='ltr'>sancti</span> <span class='ocrx_word' id='word_1_48' title='bbox 582 1461 740 1537; x_wconf 81' lang='lat' dir='ltr'>Martyres,</span> <span class='ocrx_word' id='word_1_49' title='bbox 755 1466 843 1519; x_wconf 85' lang='lat' dir='ltr'>orate.</span> 
     </span>
     <span class='ocr_line' id='line_1_14' title="bbox 349 1541 674 1612; baseline -0.003 -13"><span class='ocrx_word' id='word_1_50' title='bbox 349 1543 456 1600; x_wconf 82' lang='lat' dir='ltr'>Sancte</span> <span class='ocrx_word' id='word_1_51' title='bbox 470 1541 601 1612; x_wconf 84' lang='lat' dir='ltr'>Nicolae‚</span> <span class='ocrx_word' id='word_1_52' title='bbox 616 1560 674 1599; x_wconf 86' lang='lat' dir='ltr'>ora.</span> 
     </span>
     <span class='ocr_line' id='line_1_15' title="bbox 351 1621 706 1696; baseline -0.008 -14"><span class='ocrx_word' id='word_1_53' title='bbox 351 1623 457 1682; x_wconf 79' lang='lat' dir='ltr'>Sancte</span> <span class='ocrx_word' id='word_1_54' title='bbox 471 1621 631 1696; x_wconf 86' lang='lat' dir='ltr'>Leonarde,</span> <span class='ocrx_word' id='word_1_55' title='bbox 647 1642 706 1680; x_wconf 91' lang='lat' dir='ltr'>ora.</span> 
     </span>
     <span class='ocr_line' id='line_1_16' title="bbox 351 1703 641 1780; baseline -0.003 -19"><span class='ocrx_word' id='word_1_56' title='bbox 351 1704 457 1761; x_wconf 86' lang='lat' dir='ltr'>Sancte</span> <span class='ocrx_word' id='word_1_57' title='bbox 470 1703 568 1780; x_wconf 63' lang='lat' dir='ltr'>Egidt</span> <span class='ocrx_word' id='word_1_58' title='bbox 582 1722 641 1760; x_wconf 83' lang='lat' dir='ltr'>ora.</span> 
     </span>
     <span class='ocr_line' id='line_1_17' title="bbox 321 1783 880 1857; baseline 0.004 -18"><span class='ocrx_word' id='word_1_59' title='bbox 321 1832 326 1839; x_wconf 94' lang='lat'>.</span> <span class='ocrx_word' id='word_1_60' title='bbox 350 1785 464 1857; x_wconf 80' lang='lat' dir='ltr'>Omnes</span> <span class='ocrx_word' id='word_1_61' title='bbox 475 1784 569 1841; x_wconf 88' lang='lat' dir='ltr'>sancti</span> <span class='ocrx_word' id='word_1_62' title='bbox 584 1783 776 1856; x_wconf 69' lang='lat' dir='ltr'>confessores,</span> <span class='ocrx_word' id='word_1_63' title='bbox 792 1791 880 1841; x_wconf 86' lang='lat' dir='ltr'>orate.</span> 
     </span>
     <span class='ocr_line' id='line_1_18' title="bbox 351 1865 646 1936; baseline -0.003 -13"><span class='ocrx_word' id='word_1_64' title='bbox 351 1866 460 1923; x_wconf 85' lang='lat' dir='ltr'>Sancta</span> <span class='ocrx_word' id='word_1_65' title='bbox 474 1865 572 1936; x_wconf 81' lang='lat' dir='ltr'>osida,</span> <span class='ocrx_word' id='word_1_66' title='bbox 588 1885 646 1922; x_wconf 87' lang='lat' dir='ltr'>ora.</span> 
     </span>
     <span class='ocr_line' id='line_1_19' title="bbox 352 1946 734 2016; baseline -0.005 -12"><span class='ocrx_word' id='word_1_67' title='bbox 352 1946 460 2004; x_wconf 84' lang='lat' dir='ltr'>Sancta</span> <span class='ocrx_word' id='word_1_68' title='bbox 474 1946 662 2016; x_wconf 85' lang='lat' dir='ltr'>Etheldreda,</span> <span class='ocrx_word' id='word_1_69' title='bbox 677 1965 734 2003; x_wconf 87' lang='lat' dir='ltr'>ora.</span> 
     </span>
     <span class='ocr_line' id='line_1_20' title="bbox 353 2026 852 2102; baseline -0.002 -17"><span class='ocrx_word' id='word_1_70' title='bbox 353 2027 463 2085; x_wconf 83' lang='lat' dir='ltr'>Omnes</span> <span class='ocrx_word' id='word_1_71' title='bbox 476 2033 583 2084; x_wconf 86' lang='lat' dir='ltr'>sanotoe</span> <span class='ocrx_word' id='word_1_72' title='bbox 597 2026 748 2102; x_wconf 83' lang='lat' dir='ltr'>Virgines,</span> <span class='ocrx_word' id='word_1_73' title='bbox 763 2033 852 2084; x_wconf 88' lang='lat' dir='ltr'>orato.</span> 
     </span>
     <span class='ocr_line' id='line_1_21' title="bbox 353 2106 691 2178; baseline 0 -12"><span class='ocrx_word' id='word_1_74' title='bbox 353 2108 463 2166; x_wconf 85' lang='lat' dir='ltr'>Omnes</span> <span class='ocrx_word' id='word_1_75' title='bbox 477 2106 587 2178; x_wconf 83' lang='lat' dir='ltr'>Sancti,</span> <span class='ocrx_word' id='word_1_76' title='bbox 602 2114 691 2166; x_wconf 86' lang='lat' dir='ltr'>orate.</span> 
     </span>
     <span class='ocr_line' id='line_1_22' title="bbox 353 2188 747 2264; baseline 0 -20"><span class='ocrx_word' id='word_1_77' title='bbox 353 2188 450 2264; x_wconf 83' lang='lat' dir='ltr'>Kyrie</span> <span class='ocrx_word' id='word_1_78' title='bbox 463 2188 581 2264; x_wconf 79' lang='lat' dir='ltr'>eleyson</span> <span class='ocrx_word' id='word_1_79' title='bbox 594 2197 628 2245; x_wconf 82' lang='lat' dir='ltr'>nt</span> <span class='ocrx_word' id='word_1_80' title='bbox 648 2208 747 2264; x_wconf 73' lang='lat' dir='ltr'>sacpro.</span> 
     </span>
     <span class='ocr_line' id='line_1_23' title="bbox 354 2269 960 2346; baseline 0.002 -20"><span class='ocrx_word' id='word_1_81' title='bbox 354 2269 505 2344; x_wconf 72' lang='lat' dir='ltr'>Propitius</span> <span class='ocrx_word' id='word_1_82' title='bbox 519 2275 600 2341; x_wconf 82' lang='lat' dir='ltr'>est03</span> <span class='ocrx_word' id='word_1_83' title='bbox 614 2289 699 2346; x_wconf 86' lang='lat' dir='ltr'>parce</span> <span class='ocrx_word' id='word_1_84' title='bbox 715 2269 808 2340; x_wconf 91' lang='lat' dir='ltr'>nobis,</span> <span class='ocrx_word' id='word_1_85' title='bbox 825 2269 960 2327; x_wconf 91' lang='lat' dir='ltr'>Domine.</span> 
     </span>
     <span class='ocr_line' id='line_1_24' title="bbox 353 2350 935 2421; baseline 0 -13"><span class='ocrx_word' id='word_1_86' title='bbox 353 2350 405 2408; x_wconf 93' lang='lat' dir='ltr'>Ab</span> <span class='ocrx_word' id='word_1_87' title='bbox 419 2350 500 2406; x_wconf 90' lang='lat' dir='ltr'>omni</span> <span class='ocrx_word' id='word_1_88' title='bbox 513 2350 599 2421; x_wconf 88' lang='lat' dir='ltr'>malo,</span> <span class='ocrx_word' id='word_1_89' title='bbox 615 2351 708 2407; x_wconf 84' lang='lat' dir='ltr'>libera</span> <span class='ocrx_word' id='word_1_90' title='bbox 721 2370 782 2421; x_wconf 90' lang='lat' dir='ltr'>nos,</span> <span class='ocrx_word' id='word_1_91' title='bbox 799 2350 935 2408; x_wconf 87' lang='lat' dir='ltr'>Domine.</span> 
     </span>
     <span class='ocr_line' id='line_1_25' title="bbox 353 2430 781 2502; baseline 0 -14"><span class='ocrx_word' id='word_1_92' title='bbox 353 2430 405 2488; x_wconf 87' lang='lat' dir='ltr'>Ab</span> <span class='ocrx_word' id='word_1_93' title='bbox 418 2430 535 2487; x_wconf 85' lang='lat' dir='ltr'>insidiis</span> <span class='ocrx_word' id='word_1_94' title='bbox 549 2430 667 2502; x_wconf 88' lang='lat' dir='ltr'>diaboli,</span> <span class='ocrx_word' id='word_1_95' title='bbox 681 2431 781 2488; x_wconf 87' lang='lat' dir='ltr'>libera.</span> 
     </span>
     <span class='ocr_line' id='line_1_26' title="bbox 355 2511 785 2581; baseline 0 -13"><span class='ocrx_word' id='word_1_96' title='bbox 355 2511 386 2568; x_wconf 83' lang='lat' dir='ltr'><strong>A</strong></span> <span class='ocrx_word' id='word_1_97' title='bbox 400 2511 555 2568; x_wconf 84' lang='lat' dir='ltr'>subitanea</span> <span class='ocrx_word' id='word_1_98' title='bbox 568 2517 670 2581; x_wconf 84' lang='lat' dir='ltr'>morte,</span> <span class='ocrx_word' id='word_1_99' title='bbox 686 2511 785 2568; x_wconf 82' lang='lat' dir='ltr'>libere.</span> 
     </span>
     <span class='ocr_line' id='line_1_27' title="bbox 354 2592 769 2668; baseline 0 -20"><span class='ocrx_word' id='word_1_100' title='bbox 354 2592 385 2649; x_wconf 88' lang='lat' dir='ltr'><strong>A</strong></span> <span class='ocrx_word' id='word_1_101' title='bbox 399 2592 528 2668; x_wconf 88' lang='lat' dir='ltr'>periculo</span> <span class='ocrx_word' id='word_1_102' title='bbox 542 2593 655 2664; x_wconf 87' lang='lat' dir='ltr'>mortis,</span> <span class='ocrx_word' id='word_1_103' title='bbox 670 2592 769 2649; x_wconf 87' lang='lat' dir='ltr'>libera.</span> 
     </span>
     <span class='ocr_line' id='line_1_28' title="bbox 354 2672 870 2750; baseline -0.002 -21"><span class='ocrx_word' id='word_1_104' title='bbox 354 2672 386 2729; x_wconf 79' lang='lat' dir='ltr'>A</span> <span class='ocrx_word' id='word_1_105' title='bbox 399 2673 515 2749; x_wconf 87' lang='lat' dir='ltr'>fulgure</span> <span class='ocrx_word' id='word_1_106' title='bbox 529 2679 559 2730; x_wconf 89' lang='lat' dir='ltr'>et</span> <span class='ocrx_word' id='word_1_107' title='bbox 573 2679 756 2750; x_wconf 83' lang='lat' dir='ltr'>tempestate,</span> <span class='ocrx_word' id='word_1_108' title='bbox 770 2673 870 2730; x_wconf 86' lang='lat' dir='ltr'>libera.</span> 
     </span>
     <span class='ocr_line' id='line_1_29' title="bbox 356 2753 827 2823; baseline 0.004 -14"><span class='ocrx_word' id='word_1_109' title='bbox 356 2753 415 2810; x_wconf 89' lang='lat' dir='ltr'>Per</span> <span class='ocrx_word' id='word_1_110' title='bbox 428 2754 603 2810; x_wconf 72' lang='lat' dir='ltr'>Adventum</span> <span class='ocrx_word' id='word_1_111' title='bbox 617 2760 712 2823; x_wconf 85' lang='lat' dir='ltr'>tuum,</span> <span class='ocrx_word' id='word_1_112' title='bbox 728 2755 827 2811; x_wconf 86' lang='lat' dir='ltr'>libera.</span> 
     </span>
     <span class='ocr_line' id='line_1_30' title="bbox 357 2833 847 2904; baseline 0 -14"><span class='ocrx_word' id='word_1_113' title='bbox 357 2833 415 2890; x_wconf 88' lang='lat' dir='ltr'>Per</span> <span class='ocrx_word' id='word_1_114' title='bbox 428 2834 628 2892; x_wconf 73' lang='lat' dir='ltr'>Nativitatem</span> <span class='ocrx_word' id='word_1_115' title='bbox 641 2841 733 2904; x_wconf 83' lang='lat' dir='ltr'>tuam,</span> <span class='ocrx_word' id='word_1_116' title='bbox 748 2835 847 2893; x_wconf 87' lang='lat' dir='ltr'>libera.</span> 
     </span>
     <span class='ocr_line' id='line_1_31' title="bbox 357 2914 774 2986; baseline 0.007 -15"><span class='ocrx_word' id='word_1_117' title='bbox 357 2914 415 2971; x_wconf 87' lang='lat' dir='ltr'>Per</span> <span class='ocrx_word' id='word_1_118' title='bbox 430 2914 553 2972; x_wconf 82' lang='lat' dir='ltr'>Crucem</span> <span class='ocrx_word' id='word_1_119' title='bbox 566 2921 658 2986; x_wconf 85' lang='lat' dir='ltr'>tuam,</span> <span class='ocrx_word' id='word_1_120' title='bbox 673 2915 774 2974; x_wconf 80' lang='lat' dir='ltr'>libera.</span> 
     </span>
     <span class='ocr_line' id='line_1_32' title="bbox 357 2995 1049 3066; baseline 0.003 -16"><span class='ocrx_word' id='word_1_121' title='bbox 357 2995 415 3051; x_wconf 87' lang='lat' dir='ltr'>Per</span> <span class='ocrx_word' id='word_1_122' title='bbox 428 3001 559 3052; x_wconf 81' lang='lat' dir='ltr'>sanctam</span> <span class='ocrx_word' id='word_1_123' title='bbox 573 2996 828 3052; x_wconf 77' lang='lat' dir='ltr'>Resurrectionem</span> <span class='ocrx_word' id='word_1_124' title='bbox 841 3003 933 3066; x_wconf 84' lang='lat' dir='ltr'>tuam,</span> <span class='ocrx_word' id='word_1_125' title='bbox 950 2996 1049 3052; x_wconf 84' lang='lat' dir='ltr'>libera.</span> 
     </span>
     <span class='ocr_line' id='line_1_33' title="bbox 359 3075 1076 3146; baseline 0.003 -16"><span class='ocrx_word' id='word_1_126' title='bbox 359 3075 417 3132; x_wconf 90' lang='lat' dir='ltr'>Per</span> <span class='ocrx_word' id='word_1_127' title='bbox 430 3076 633 3132; x_wconf 71' lang='lat' dir='ltr'>admirabilem</span> <span class='ocrx_word' id='word_1_128' title='bbox 647 3077 857 3133; x_wconf 83' lang='lat' dir='ltr'>Ascensionem</span> <span class='ocrx_word' id='word_1_129' title='bbox 870 3083 961 3146; x_wconf 76' lang='lat' dir='ltr'>trram,</span> <span class='ocrx_word' id='word_1_130' title='bbox 978 3077 1076 3132; x_wconf 79' lang='lat' dir='ltr'>libera.</span> 
     </span>
     <span class='ocr_line' id='line_1_34' title="bbox 359 3153 1091 3231; baseline 0.005 -20"><span class='ocrx_word' id='word_1_131' title='bbox 359 3153 418 3211; x_wconf 86' lang='lat' dir='ltr'>Per</span> <span class='ocrx_word' id='word_1_132' title='bbox 430 3155 556 3230; x_wconf 80' lang='lat' dir='ltr'>gratiam</span> <span class='ocrx_word' id='word_1_133' title='bbox 570 3156 670 3213; x_wconf 81' lang='lat' dir='ltr'>Sancti</span> <span class='ocrx_word' id='word_1_134' title='bbox 686 3156 813 3231; x_wconf 80' lang='lat' dir='ltr'>Spiritus</span> <span class='ocrx_word' id='word_1_135' title='bbox 827 3156 975 3227; x_wconf 79' lang='lat' dir='ltr'>Paracliti‚</span> <span class='ocrx_word' id='word_1_136' title='bbox 992 3157 1091 3215; x_wconf 87' lang='lat' dir='ltr'>libera.</span> 
     </span>
     <span class='ocr_line' id='line_1_35' title="bbox 360 3235 723 3306; baseline 0.003 -14"><span class='ocrx_word' id='word_1_137' title='bbox 360 3235 399 3292; x_wconf 91' lang='lat' dir='ltr'>In</span> <span class='ocrx_word' id='word_1_138' title='bbox 412 3236 484 3293; x_wconf 84' lang='lat' dir='ltr'>hora</span> <span class='ocrx_word' id='word_1_139' title='bbox 497 3237 609 3306; x_wconf 84' lang='lat' dir='ltr'>mortis,</span> <span class='ocrx_word' id='word_1_140' title='bbox 624 3237 723 3294; x_wconf 88' lang='lat' dir='ltr'>libera.</span> 
     </span>
     <span class='ocr_line' id='line_1_36' title="bbox 360 3317 701 3392; baseline 0.003 -18"><span class='ocrx_word' id='word_1_141' title='bbox 360 3317 400 3374; x_wconf 91' lang='lat' dir='ltr'>In</span> <span class='ocrx_word' id='word_1_142' title='bbox 414 3317 461 3374; x_wconf 88' lang='lat' dir='ltr'>die</span> <span class='ocrx_word' id='word_1_143' title='bbox 471 3317 585 3392; x_wconf 89' lang='lat' dir='ltr'>judicii,</span> <span class='ocrx_word' id='word_1_144' title='bbox 601 3318 701 3375; x_wconf 82' lang='lat' dir='ltr'>libera.</span> 
     </span>
     <span class='ocr_line' id='line_1_37' title="bbox 179 3398 725 3474; baseline -0.004 -16"><span class='ocrx_word' id='word_1_145' title='bbox 179 3400 351 3458; x_wconf 81' lang='lat' dir='ltr'>Peccatores</span> <span class='ocrx_word' id='word_1_146' title='bbox 365 3398 406 3456; x_wconf 81' lang='lat' dir='ltr'>Te</span> <span class='ocrx_word' id='word_1_147' title='bbox 420 3417 564 3474; x_wconf 69' lang='lat' dir='ltr'>rogamus</span> <span class='ocrx_word' id='word_1_148' title='bbox 581 3400 651 3455; x_wconf 88' lang='lat' dir='ltr'>audi</span> <span class='ocrx_word' id='word_1_149' title='bbox 665 3419 725 3456; x_wconf 80' lang='lat' dir='ltr'>nos.</span> 
     </span>
     <span class='ocr_line' id='line_1_38' title="bbox 361 3479 970 3555; baseline -0.002 -19"><span class='ocrx_word' id='word_1_150' title='bbox 361 3479 407 3536; x_wconf 88' lang='lat' dir='ltr'>Ut</span> <span class='ocrx_word' id='word_1_151' title='bbox 420 3499 522 3555; x_wconf 87' lang='lat' dir='ltr'>pacem</span> <span class='ocrx_word' id='word_1_152' title='bbox 535 3481 619 3536; x_wconf 89' lang='lat' dir='ltr'>nobis</span> <span class='ocrx_word' id='word_1_153' title='bbox 633 3481 729 3537; x_wconf 77' lang='lat' dir='ltr'>dones.</span> <span class='ocrx_word' id='word_1_154' title='bbox 773 3480 814 3537; x_wconf 85' lang='lat' dir='ltr'>Te</span> <span class='ocrx_word' id='word_1_155' title='bbox 828 3500 970 3555; x_wconf 75' lang='lat' dir='ltr'>rogamus.</span> 
     </span>
     <span class='ocr_line' id='line_1_39' title="bbox 360 3559 1316 3637; baseline -0.004 -19"><span class='ocrx_word' id='word_1_156' title='bbox 360 3559 406 3618; x_wconf 87' lang='lat' dir='ltr'>Ut</span> <span class='ocrx_word' id='word_1_157' title='bbox 431 3560 591 3617; x_wconf 80' lang='lat' dir='ltr'>Ecclesiam</span> <span class='ocrx_word' id='word_1_158' title='bbox 617 3568 700 3618; x_wconf 83' lang='lat' dir='ltr'>tuam</span> <span class='ocrx_word' id='word_1_159' title='bbox 728 3580 827 3637; x_wconf 83' lang='lat' dir='ltr'>rogere</span> <span class='ocrx_word' id='word_1_160' title='bbox 851 3570 881 3618; x_wconf 84' lang='lat' dir='ltr'>et</span> <span class='ocrx_word' id='word_1_161' title='bbox 906 3561 1056 3618; x_wconf 85' lang='lat' dir='ltr'>defensare</span> <span class='ocrx_word' id='word_1_162' title='bbox 1084 3561 1219 3637; x_wconf 82' lang='lat' dir='ltr'>digneris.</span> <span class='ocrx_word' id='word_1_163' title='bbox 1275 3559 1316 3614; x_wconf 82' lang='lat' dir='ltr'>Te</span> 
     </span>
     <span class='ocr_line' id='line_1_40' title="bbox 443 3660 585 3716; baseline 0.007 -19"><span class='ocrx_word' id='word_1_164' title='bbox 443 3660 585 3716; x_wconf 81' lang='lat' dir='ltr'>rogamus,</span> 
     </span>
     <span class='ocr_line' id='line_1_41' title="bbox 362 3720 1316 3798; baseline -0.005 -18"><span class='ocrx_word' id='word_1_165' title='bbox 362 3721 409 3780; x_wconf 81' lang='lat' dir='ltr'>Ut</span> <span class='ocrx_word' id='word_1_166' title='bbox 432 3722 573 3778; x_wconf 86' lang='lat' dir='ltr'>domnum</span> <span class='ocrx_word' id='word_1_167' title='bbox 593 3723 799 3797; x_wconf 81' lang='lat' dir='ltr'>Apostolioum</span> <span class='ocrx_word' id='word_1_168' title='bbox 820 3729 850 3778; x_wconf 93' lang='lat' dir='ltr'>ot</span> <span class='ocrx_word' id='word_1_169' title='bbox 869 3742 968 3778; x_wconf 84' lang='lat' dir='ltr'>onmes</span> <span class='ocrx_word' id='word_1_170' title='bbox 992 3723 1100 3798; x_wconf 76' lang='lat' dir='ltr'>gradus</span> <span class='ocrx_word' id='word_1_171' title='bbox 1126 3721 1262 3779; x_wconf 80' lang='lat' dir='ltr'>Ecclesiae</span> <span class='ocrx_word' id='word_1_172' title='bbox 1283 3720 1316 3776; x_wconf 89' lang='lat' dir='ltr'>in</span> 
     </span>
     <span class='ocr_line' id='line_1_42' title="bbox 442 3803 1274 3878; baseline -0.005 -18"><span class='ocrx_word' id='word_1_173' title='bbox 442 3809 543 3860; x_wconf 84' lang='lat' dir='ltr'>sancta</span> <span class='ocrx_word' id='word_1_174' title='bbox 556 3803 696 3877; x_wconf 82' lang='lat' dir='ltr'>religione</span> <span class='ocrx_word' id='word_1_175' title='bbox 711 3823 882 3860; x_wconf 74' lang='lat' dir='ltr'>conservare</span> <span class='ocrx_word' id='word_1_176' title='bbox 895 3803 1032 3878; x_wconf 84' lang='lat' dir='ltr'>digneris.</span> <span class='ocrx_word' id='word_1_177' title='bbox 1076 3803 1117 3860; x_wconf 82' lang='lat' dir='ltr'>Te</span> <span class='ocrx_word' id='word_1_178' title='bbox 1130 3821 1274 3878; x_wconf 78' lang='lat' dir='ltr'>rogamus,</span> 
     </span>
     <span class='ocr_line' id='line_1_43' title="bbox 364 3883 1318 3960; baseline -0.004 -20"><span class='ocrx_word' id='word_1_179' title='bbox 364 3883 410 3940; x_wconf 88' lang='lat' dir='ltr'>Ut</span> <span class='ocrx_word' id='word_1_180' title='bbox 431 3884 544 3940; x_wconf 82' lang='lat' dir='ltr'>animas</span> <span class='ocrx_word' id='word_1_181' title='bbox 565 3896 680 3940; x_wconf 81' lang='lat' dir='ltr'>nostras</span> <span class='ocrx_word' id='word_1_182' title='bbox 708 3891 737 3940; x_wconf 87' lang='lat' dir='ltr'>ct</span> <span class='ocrx_word' id='word_1_183' title='bbox 764 3890 920 3960; x_wconf 81' lang='lat' dir='ltr'>parentum</span> <span class='ocrx_word' id='word_1_184' title='bbox 948 3891 1116 3941; x_wconf 86' lang='lat' dir='ltr'>nostrorum</span> <span class='ocrx_word' id='word_1_185' title='bbox 1143 3885 1180 3940; x_wconf 87' lang='lat' dir='ltr'>ab</span> <span class='ocrx_word' id='word_1_186' title='bbox 1208 3888 1318 3938; x_wconf 82' lang='lat' dir='ltr'>aeterna</span> 
     </span>
     <span class='ocr_line' id='line_1_44' title="bbox 443 3965 1000 4040; baseline 0.004 -20"><span class='ocrx_word' id='word_1_187' title='bbox 443 3965 630 4021; x_wconf 79' lang='lat' dir='ltr'>damnatione</span> <span class='ocrx_word' id='word_1_188' title='bbox 644 3965 758 4040; x_wconf 77' lang='lat' dir='ltr'>eripias.</span> <span class='ocrx_word' id='word_1_189' title='bbox 802 3966 843 4021; x_wconf 83' lang='lat' dir='ltr'>Tc</span> <span class='ocrx_word' id='word_1_190' title='bbox 857 3984 1000 4038; x_wconf 80' lang='lat' dir='ltr'>rogamus.</span> 
     </span>
     <span class='ocr_line' id='line_1_45' title="bbox 365 4044 1317 4123; baseline -0.001 -22"><span class='ocrx_word' id='word_1_191' title='bbox 365 4044 411 4101; x_wconf 89' lang='lat' dir='ltr'>Ut</span> <span class='ocrx_word' id='word_1_192' title='bbox 424 4045 538 4101; x_wconf 81' lang='lat' dir='ltr'>fructus</span> <span class='ocrx_word' id='word_1_193' title='bbox 552 4051 637 4102; x_wconf 79' lang='lat' dir='ltr'>terrae</span> <span class='ocrx_word' id='word_1_194' title='bbox 648 4047 717 4102; x_wconf 83' lang='lat' dir='ltr'>dare</span> <span class='ocrx_word' id='word_1_195' title='bbox 728 4053 758 4102; x_wconf 84' lang='lat' dir='ltr'>et</span> <span class='ocrx_word' id='word_1_196' title='bbox 772 4065 942 4102; x_wconf 83' lang='lat' dir='ltr'>conservare</span> <span class='ocrx_word' id='word_1_197' title='bbox 953 4045 1089 4123; x_wconf 84' lang='lat' dir='ltr'>digneris.</span> <span class='ocrx_word' id='word_1_198' title='bbox 1122 4045 1163 4102; x_wconf 84' lang='lat' dir='ltr'>Te</span> <span class='ocrx_word' id='word_1_199' title='bbox 1174 4062 1317 4119; x_wconf 81' lang='lat' dir='ltr'>rogamus</span> 
     </span>
     <span class='ocr_line' id='line_1_46' title="bbox 364 4125 781 4202; baseline 0 -20"><span class='ocrx_word' id='word_1_200' title='bbox 364 4125 412 4182; x_wconf 88' lang='lat' dir='ltr'>Ut</span> <span class='ocrx_word' id='word_1_201' title='bbox 424 4145 478 4182; x_wconf 85' lang='lat' dir='ltr'>nos</span> <span class='ocrx_word' id='word_1_202' title='bbox 492 4126 631 4183; x_wconf 84' lang='lat' dir='ltr'>exaudire</span> <span class='ocrx_word' id='word_1_203' title='bbox 645 4127 781 4202; x_wconf 77' lang='lat' dir='ltr'>digneris,</span> 
     </span>
     <span class='ocr_line' id='line_1_47' title="bbox 365 4205 744 4284; baseline 0.005 -23"><span class='ocrx_word' id='word_1_204' title='bbox 365 4205 503 4263; x_wconf 85' lang='lat' dir='ltr'>FiliDei.</span> <span class='ocrx_word' id='word_1_205' title='bbox 548 4207 744 4284; x_wconf 78' lang='lat' dir='ltr'>Terogsmus.</span> 
     </span>
     <span class='ocr_line' id='line_1_48' title="bbox 365 4286 620 4363; baseline 0 -19"><span class='ocrx_word' id='word_1_206' title='bbox 365 4290 471 4363; x_wconf 84' lang='lat' dir='ltr'>Agnus</span> <span class='ocrx_word' id='word_1_207' title='bbox 485 4286 550 4359; x_wconf 87' lang='lat' dir='ltr'>Dei,</span> <span class='ocrx_word' id='word_1_208' title='bbox 567 4293 620 4344; x_wconf 91' lang='lat' dir='ltr'>etc.</span> 
     </span>
    </p>
   </div>
   <div class='ocr_carea' id='block_1_3' title="bbox 119 4443 1325 4606">
    <p class='ocr_par' dir='ltr' id='par_1_3' title="bbox 119 4443 1325 4606">
     <span class='ocr_line' id='line_1_49' title="bbox 185 4443 1325 4525; baseline -0.007 -19"><span class='ocrx_word' id='word_1_209' title='bbox 185 4447 311 4523; x_wconf 70' lang='lat' dir='ltr'>rtirdlp</span> <span class='ocrx_word' id='word_1_210' title='bbox 326 4447 398 4525; x_wconf 85' lang='lat' dir='ltr'>(foll.</span> <span class='ocrx_word' id='word_1_211' title='bbox 417 4448 568 4524; x_wconf 75' lang='lat' dir='ltr'>loo-185),</span> <span class='ocrx_word' id='word_1_212' title='bbox 582 4449 622 4524; x_wconf 93' lang='lat' dir='ltr'>by</span> <span class='ocrx_word' id='word_1_213' title='bbox 635 4449 711 4505; x_wconf 85' lang='lat' dir='ltr'>later</span> <span class='ocrx_word' id='word_1_214' title='bbox 723 4449 825 4517; x_wconf 76' lang='lat' dir='ltr'>hande,</span> <span class='ocrx_word' id='word_1_215' title='bbox 845 4449 1016 4524; x_wconf 85' lang='lat' dir='ltr'>containing</span> <span class='ocrx_word' id='word_1_216' title='bbox 1035 4447 1086 4504; x_wconf 90' lang='lat' dir='ltr'>the</span> <span class='ocrx_word' id='word_1_217' title='bbox 1107 4445 1272 4502; x_wconf 76' lang='lat' dir='ltr'>romainder</span> <span class='ocrx_word' id='word_1_218' title='bbox 1291 4443 1325 4499; x_wconf 88' lang='lat' dir='ltr'>of</span> 
     </span>
     <span class='ocr_line' id='line_1_50' title="bbox 119 4525 1321 4606; baseline -0.007 -16"><span class='ocrx_word' id='word_1_219' title='bbox 119 4531 174 4590; x_wconf 83' lang='lat' dir='ltr'>the</span> <span class='ocrx_word' id='word_1_220' title='bbox 188 4529 370 4606; x_wconf 82' lang='lat' dir='ltr'>Temporale,</span> <span class='ocrx_word' id='word_1_221' title='bbox 389 4529 447 4586; x_wconf 88' lang='lat' dir='ltr'>and</span> <span class='ocrx_word' id='word_1_222' title='bbox 461 4529 517 4587; x_wconf 87' lang='lat' dir='ltr'>full</span> <span class='ocrx_word' id='word_1_223' title='bbox 538 4530 651 4588; x_wconf 87' lang='lat' dir='ltr'>Massss</span> <span class='ocrx_word' id='word_1_224' title='bbox 670 4529 716 4587; x_wconf 87' lang='lat' dir='ltr'>for</span> <span class='ocrx_word' id='word_1_225' title='bbox 732 4529 782 4587; x_wconf 87' lang='lat' dir='ltr'>the</span> <span class='ocrx_word' id='word_1_226' title='bbox 801 4529 956 4587; x_wconf 87' lang='lat' dir='ltr'>Dedicatio</span> <span class='ocrx_word' id='word_1_227' title='bbox 971 4528 1117 4597; x_wconf 71' lang='lat' dir='ltr'>Ecclesia,</span> <span class='ocrx_word' id='word_1_228' title='bbox 1132 4525 1191 4582; x_wconf 91' lang='lat' dir='ltr'>and</span> <span class='ocrx_word' id='word_1_229' title='bbox 1211 4525 1256 4581; x_wconf 91' lang='lat' dir='ltr'>for</span> <span class='ocrx_word' id='word_1_230' title='bbox 1270 4525 1321 4581; x_wconf 88' lang='lat' dir='ltr'>the</span> 
     </span>
    </p>
   </div>
   <div class='ocr_carea' id='block_1_4' title="bbox 0 0 1493 4986">
    <p class='ocr_par' dir='ltr' id='par_1_4' title="bbox 0 0 1493 4986">
     <span class='ocr_line' id='line_1_51' title="bbox 0 0 1493 4986; baseline 0 0"><span class='ocrx_word' id='word_1_231' title='bbox 0 0 1493 4986; x_wconf 95' lang='lat' dir='ltr'> </span> 
     </span>
    </p>
   </div>
  </div>
 </body>
</html>
