2918 4986
414 315 655 382 Dominicac'u
669 315 887 401 deceperimus.
1211 318 1251 378 41

111 482 242 542 Fructus.

108 565 157 623 De
171 564 324 641 profundis
337 563 462 621 clamavi
475 565 513 622 ad
528 571 567 635 te,
580 564 728 622 Domine:
751 564 880 621 Domine
894 562 1002 621 exaudi
1015 582 1116 622 vocem
1130 580 1233 621 meam.

55 645 85 704 V.
108 644 200 703 Fiant
213 664 298 702 ames
312 650 371 702 tuae
385 645 591 703 intendentes:
612 646 645 701 in
659 645 821 702 orationem
837 647 914 702 servi
928 645 982 703 tui.

54 726 86 785 V.
109 725 142 784 Si
154 726 327 802 iniquitates
341 726 549 798 observaveris,
566 727 711 782 Domine:
734 725 870 794 Domine,
885 726 951 802 quis
964 723 1143 783 sustinebitl

55 805 87 865 V.
110 806 188 877 Quia
209 806 288 883 apud
311 812 342 864 te
362 807 535 884 propitiatio
559 813 622 864 est:
652 817 682 863 et
704 813 825 883 propter
845 806 939 884 legem
961 814 1045 863 tuam
1067 805 1196 864 sustinui
1216 810 1256 876 te,

51 888 187 947 Domine.

111 967 277 1027 Secundam
290 968 330 1025 M
327 967 464 1027 cttlcoeam
476 968 495 1045 (
494 989 539 1029 aa.
557 968 651 1047 1-16).

111 1050 152 1107 In
165 1049 217 1106 illo
231 1056 370 1125 tempore,
386 1048 475 1106 Dixit
488 1050 510 1107 J
512 1069 577 1107 esus
591 1048 741 1126 discipulis
757 1049 817 1106 suis
839 1048 1008 1126 parabolam
1030 1048 1106 1106 hanc
1117 1067 1127 1120 ;
1157 1047 1260 1106 Simile

52 1139 97 1190 est
120 1150 245 1208 regnum
269 1129 406 1187 caelorum
429 1129 544 1188 homini
566 1129 772 1207 patrifamilias
795 1150 885 1204 usquc
908 1131 946 1188 ad
973 1128 1062 1187 multi
1086 1129 1166 1186 enim
1190 1134 1261 1187 sunt

52 1212 159 1282 vocati,
181 1211 267 1287 pauci
287 1230 358 1269 vero
379 1210 471 1270 electi.

117 1291 310 1366 Offirtorc'ccm.

113 1373 233 1431 Bonum
248 1379 292 1430 est
306 1372 440 1430 confiteri
454 1371 602 1431 Domino:
620 1378 655 1430 'et
667 1372 793 1449 psallere
806 1371 922 1430 nomini
936 1377 998 1444 tuo,
1013 1371 1177 1428 Altissimo.

114 1452 234 1512 Secreta.

116 1535 292 1592 Muneribus
319 1535 436 1605 nostris,
466 1553 641 1610 quaesumus,
666 1534 804 1605 Domine,
827 1533 1021 1610 precibusque
1042 1532 1204 1609 susceptis:
1234 1538 1264 1589 et

56 1615 220 1674 caelestibus
233 1634 287 1672 nos
300 1616 411 1672 munda
424 1616 581 1691 mysteriis,
596 1623 626 1674 et
642 1615 801 1673 clementer
815 1615 929 1672 exaudi.
974 1615 1038 1671 Per.

118 1695 299 1755 Communia.

117 1777 260 1834 Illumina
282 1772 390 1834 faeiem
409 1784 491 1834 tuam
510 1797 598 1853 super
615 1797 733 1835 servum
747 1784 850 1836 tuum:
873 1782 903 1834 et
917 1775 1031 1834 salvum
1045 1775 1198 1833 mesecin
1212 1781 1265 1832 tua

57 1856 275 1917 misericordia:
303 1858 440 1930 Domine,
457 1878 517 1915 non
530 1859 714 1932 confundam
740 1859 879 1935 quoniam
896 1858 1031 1915 invocavi
1044 1864 1083 1915 te.

118 1939 358 1997 Postccmmuaio.

117 2019 234 2077 Fideles
249 2021 302 2091 tui,
318 2019 408 2092 Deus,
423 2039 476 2096 per
495 2026 549 2078 tua
570 2021 648 2077 dona
667 2021 831 2092 firmentur,
847 2026 882 2077 ut
902 2020 1004 2077 eadem
1025 2024 1055 2076 et
1074 2017 1265 2095 percipiendo

60 2100 219 2177 requirant,
233 2106 264 2158 et
277 2101 434 2176 quaerendo
448 2101 511 2158 sine
524 2101 583 2158 fine
596 2102 767 2178 percipiant.
811 2102 870 2159 Per
883 2101 1048 2158 Dominum
1062 2105 1203 2158 nostrum.

530 2280 630 2338 Fama
651 2281 789 2350 Quaere.

120 2402 170 2460 Ad
183 2401 318 2460 chroeoc
331 2402 384 2480 (ci.
403 2402 476 2480 4-9).

121 2483 260 2540 Fratres:
281 2483 466 2560 Impossibile
487 2488 642 2558 estusque
663 2485 701 2542 cd
721 2490 752 2542 et
772 2482 915 2542 viciniora
938 2482 1029 2541 saluti
1053 2482 1172 2540 Christo
1196 2481 1270 2541 Jeeu

61 2563 192 2622 Domino
205 2570 314 2621 nostro.

121 2644 288 2703 Sccccadum
301 2644 439 2702 Marcam
452 2645 507 2723 (icc.
526 2645 642 2724 29-36).

124 2726 164 2783 In
185 2725 237 2783 illo
258 2732 398 2802 tempore,
415 2726 555 2802 Egressus
573 2727 595 2784 J
597 2745 662 2783 esus
671 2725 736 2783 ibat
749 2746 802 2802 per
816 2725 968 2783 Galilaeam
982 2745 1036 2782 nec
1049 2724 1168 2783 volebat
1181 2743 1271 2799 usquc

60 2808 104 2864 ad
118 2806 169 2882 qui
183 2826 230 2864 me
243 2806 331 2864 misit.
376 2807 436 2876 Qui
449 2807 539 2864 habet
551 2827 636 2864 aures
649 2806 789 2864 audiendi
801 2807 912 2864 audiat.

550 2973 650 3030 Fama
669 2972 779 3030 Snxra.

132 3096 180 3153 Ad
194 3096 329 3154 Hebraeos
342 3096 395 3172 (iv.
415 3095 526 3173 11-16)

132 3176 249 3235 Fratres
263 3198 268 3234 :
297 3177 484 3234 Festiuemus
497 3176 613 3253 ingredi
627 3195 716 3250 usquc
730 3177 771 3232 cu
784 3175 818 3231 in
831 3175 944 3232 auxilio
958 3181 1133 3251 opportuno.

136 3256 302 3317 Secundum
315 3258 427 3316 Lacum
440 3258 496 3335 (icc.
512 3257 628 3335 51-56).
1014 3308 1017 3317 ,

137 3337 175 3395 In
187 3338 240 3395 illo
256 3344 396 3415 ternpore,
413 3338 538 3396 Factum
560 3345 605 3396 est
624 3344 724 3396 autem
745 3338 816 3395 dum
838 3338 1055 3414 complerentur
1074 3356 1164 3414 usquc
1184 3338 1224 3395 cd
1245 3343 1276 3394 et

73 3414 206 3477 abierunt
219 3419 252 3476 in
265 3419 347 3477 aliud
361 3419 521 3479 castellum.
555 3482 566 3495 Ι,

452 3591 613 3648 Dounuca
634 3608 667 3647 ru
688 3590 893 3648 Snxaansrna

134 3718 180 3775 Ad
196 3717 330 3775 Missum.
375 3708 518 3791 Officium(

92 3825 94 3830 ·
136 3797 276 3875 Exsurge,
292 3817 382 3875 quare
403 3799 556 3870 obdormis,
574 3797 711 3869 Domine,
727 3816 851 3873 exsurge
864 3802 895 3854 et
915 3816 952 3854 ne
971 3797 1093 3873 repellas
1115 3797 1148 3854 in
1167 3797 1276 3854 finem:

88 3891 164 3950 quare
182 3878 288 3937 faciem
308 3885 392 3936 tuam
412 3879 529 3950 avertis,
545 3878 725 3936 oblivisceris
739 3878 962 3947 tribulationem
975 3885 1128 3950 nostram;
1155 3878 1279 3936 adhaesit

86 3953 199 4017 interra
210 3965 315 4018 venter
328 3965 429 4018 noster
440 3981 450 4033 3
471 3979 603 4036 exsurge,
620 3959 755 4029 Domine,
770 3957 879 4034 adjuva
892 3978 946 4016 nos
960 3965 990 4016 et
1003 3958 1097 4016 libera
1110 3979 1170 4017 nos.

137 4040 282 4099 Paulusne.

137 4120 225 4194 Deua,
240 4122 361 4180 auribus
370 4122 479 4179 nostris
489 4121 672 4178 audivimus:
694 4127 793 4195 patres
805 4121 901 4177 nostri
914 4121 1171 4179 annunciaverunt
1183 4120 1276 4177 nobis.

138 4201 244 4261 Oratio.
862 4261 867 4269 ,
1076 4263 1078 4266 ,

137 4282 227 4355 Deus,
243 4284 295 4359 qui
309 4278 451 4360 conspicis
465 4283 535 4359 quia
549 4303 587 4340 ex
601 4281 684 4339 nulla
697 4287 799 4339 nostra
811 4282 926 4340 actione
939 4282 1111 4340 confidimus
1122 4301 1132 4354 3
1156 4282 1280 4338 concede

78 4363 230 4443 propitius,-
243 4371 279 4422 ut
299 4371 403 4422 contra
416 4365 538 4422 adversa
551 4364 651 4422 omnia
664 4363 791 4420 doctoris
807 4364 942 4441 gentium
962 4363 1144 4439 protectione
1164 4362 1280 4420 munia·

77 4464 150 4505 mur.
194 4445 253 4504 Per
267 4445 439 4506 Dominum.
