<?xml version="1.0" encoding="UTF-8"?>
<!DOCTYPE html PUBLIC "-//W3C//DTD XHTML 1.0 Transitional//EN"
    "http://www.w3.org/TR/xhtml1/DTD/xhtml1-transitional.dtd">
<html xmlns="http://www.w3.org/1999/xhtml" xml:lang="en" lang="en">
 <head>
  <title>
</title>
<meta http-equiv="Content-Type" content="text/html;charset=utf-8" />
  <meta name='ocr-system' content='tesseract 3.04.00' />
  <meta name='ocr-capabilities' content='ocr_page ocr_carea ocr_par ocr_line ocrx_word'/>
</head>
<body>
  <div class='ocr_page' id='page_1' title='image "./missaleadusumin03churgoog_0175.png"; bbox 0 0 2918 4986; ppageno 0'>
   <div class='ocr_carea' id='block_1_1' title="bbox 573 369 858 438">
    <p class='ocr_par' dir='ltr' id='par_1_1' title="bbox 573 369 858 438">
     <span class='ocr_line' id='line_1_1' title="bbox 573 369 858 438; baseline -0.011 0"><span class='ocrx_word' id='word_1_1' title='bbox 573 369 713 438; x_wconf 85' lang='lat' dir='ltr'>Sabboto</span> <span class='ocrx_word' id='word_1_2' title='bbox 727 369 858 437; x_wconf 82' lang='lat' dir='ltr'>Sancto.</span> 
     </span>
    </p>
   </div>
   <div class='ocr_carea' id='block_1_2' title="bbox 113 535 1023 1827">
    <p class='ocr_par' dir='ltr' id='par_1_2' title="bbox 113 535 1023 1827">
     <span class='ocr_line' id='line_1_2' title="bbox 231 535 1023 616; baseline 0.001 -18"><span class='ocrx_word' id='word_1_3' title='bbox 231 538 343 598; x_wconf 86' lang='lat' dir='ltr'>Omnes</span> <span class='ocrx_word' id='word_1_4' title='bbox 356 537 451 596; x_wconf 87' lang='lat' dir='ltr'>sancti</span> <span class='ocrx_word' id='word_1_5' title='bbox 463 535 604 615; x_wconf 78' lang='lat' dir='ltr'><strong>Apostoli</strong></span> <span class='ocrx_word' id='word_1_6' title='bbox 616 543 648 596; x_wconf 90' lang='lat' dir='ltr'>et</span> <span class='ocrx_word' id='word_1_7' title='bbox 660 537 867 616; x_wconf 79' lang='lat' dir='ltr'>Evangelistae,</span> <span class='ocrx_word' id='word_1_8' title='bbox 882 541 965 595; x_wconf 89' lang='lat' dir='ltr'>orate</span> <span class='ocrx_word' id='word_1_9' title='bbox 989 579 1023 599; x_wconf 89' lang='lat'>...</span> 
     </span>
     <span class='ocr_line' id='line_1_3' title="bbox 113 618 615 692; baseline 0.002 -14"><span class='ocrx_word' id='word_1_10' title='bbox 113 622 121 634; x_wconf 82' lang='grc'><strong>“</strong></span> <span class='ocrx_word' id='word_1_11' title='bbox 273 619 381 678; x_wconf 80' lang='lat' dir='ltr'>Sancte</span> <span class='ocrx_word' id='word_1_12' title='bbox 394 618 548 692; x_wconf 75' lang='lat' dir='ltr'>Vincenti,</span> <span class='ocrx_word' id='word_1_13' title='bbox 563 639 615 677; x_wconf 92' lang='lat' dir='ltr'>ora</span> 
     </span>
     <span class='ocr_line' id='line_1_4' title="bbox 273 699 576 777; baseline 0.006 -19"><span class='ocrx_word' id='word_1_14' title='bbox 273 701 380 758; x_wconf 89' lang='lat' dir='ltr'>Sancte</span> <span class='ocrx_word' id='word_1_15' title='bbox 395 699 512 777; x_wconf 83' lang='lat' dir='ltr'><strong>Georgi,</strong></span> <span class='ocrx_word' id='word_1_16' title='bbox 523 719 576 758; x_wconf 89' lang='lat' dir='ltr'>ora</span> 
     </span>
     <span class='ocr_line' id='line_1_5' title="bbox 273 778 947 856; baseline 0.006 -16"><span class='ocrx_word' id='word_1_17' title='bbox 273 781 382 840; x_wconf 87' lang='lat' dir='ltr'>Sancte</span> <span class='ocrx_word' id='word_1_18' title='bbox 395 780 523 856; x_wconf 80' lang='lat' dir='ltr'>Dionysi</span> <span class='ocrx_word' id='word_1_19' title='bbox 536 800 603 838; x_wconf 90' lang='lat' dir='ltr'>cum</span> <span class='ocrx_word' id='word_1_20' title='bbox 617 780 711 851; x_wconf 86' lang='lat' dir='ltr'>sociis,</span> <span class='ocrx_word' id='word_1_21' title='bbox 727 799 779 838; x_wconf 87' lang='lat' dir='ltr'>ora</span> <span class='ocrx_word' id='word_1_22' title='bbox 802 823 837 844; x_wconf 66' lang='lat'>..0</span> <span class='ocrx_word' id='word_1_23' title='bbox 945 778 947 782; x_wconf 59' lang='grc'>’</span> 
     </span>
     <span class='ocr_line' id='line_1_6' title="bbox 118 861 723 938; baseline 0 -16"><span class='ocrx_word' id='word_1_24' title='bbox 118 896 120 902; x_wconf 90' lang='grc'><em>·</em></span> <span class='ocrx_word' id='word_1_25' title='bbox 232 861 344 922; x_wconf 83' lang='lat' dir='ltr'>Omnes</span> <span class='ocrx_word' id='word_1_26' title='bbox 357 861 453 920; x_wconf 88' lang='lat' dir='ltr'>sancti</span> <span class='ocrx_word' id='word_1_27' title='bbox 466 861 625 938; x_wconf 85' lang='lat' dir='ltr'>Martyres,</span> <span class='ocrx_word' id='word_1_28' title='bbox 642 868 723 920; x_wconf 88' lang='lat' dir='ltr'>orate</span> 
     </span>
     <span class='ocr_line' id='line_1_7' title="bbox 274 937 640 1018; baseline 0.002 -17"><span class='ocrx_word' id='word_1_29' title='bbox 274 943 381 1001; x_wconf 89' lang='lat' dir='ltr'>Sancte</span> <span class='ocrx_word' id='word_1_30' title='bbox 394 937 573 1018; x_wconf 85' lang='lat' dir='ltr'>Augustine,</span> <span class='ocrx_word' id='word_1_31' title='bbox 589 961 640 1000; x_wconf 88' lang='lat' dir='ltr'>ora</span> 
     </span>
     <span class='ocr_line' id='line_1_8' title="bbox 274 1023 621 1096; baseline 0.005 -14"><span class='ocrx_word' id='word_1_32' title='bbox 274 1023 381 1082; x_wconf 86' lang='lat' dir='ltr'>Sancte</span> <span class='ocrx_word' id='word_1_33' title='bbox 394 1023 553 1096; x_wconf 89' lang='lat' dir='ltr'>Willelme,</span> <span class='ocrx_word' id='word_1_34' title='bbox 569 1042 621 1081; x_wconf 90' lang='lat' dir='ltr'>ora</span> 
     </span>
     <span class='ocr_line' id='line_1_9' title="bbox 273 1104 634 1176; baseline 0.002 -14"><span class='ocrx_word' id='word_1_35' title='bbox 273 1104 381 1162; x_wconf 89' lang='lat' dir='ltr'>Sancte</span> <span class='ocrx_word' id='word_1_36' title='bbox 395 1104 567 1176; x_wconf 84' lang='lat' dir='ltr'>Outhberte,</span> <span class='ocrx_word' id='word_1_37' title='bbox 582 1123 634 1161; x_wconf 89' lang='lat' dir='ltr'>ora</span> 
     </span>
     <span class='ocr_line' id='line_1_10' title="bbox 233 1184 759 1258; baseline 0 -14"><span class='ocrx_word' id='word_1_38' title='bbox 233 1184 344 1244; x_wconf 85' lang='lat' dir='ltr'>Omnes</span> <span class='ocrx_word' id='word_1_39' title='bbox 357 1184 452 1244; x_wconf 85' lang='lat' dir='ltr'>sancti</span> <span class='ocrx_word' id='word_1_40' title='bbox 466 1184 661 1258; x_wconf 84' lang='lat' dir='ltr'>Oonsessores,</span> <span class='ocrx_word' id='word_1_41' title='bbox 675 1189 759 1243; x_wconf 88' lang='lat' dir='ltr'>orate</span> 
     </span>
     <span class='ocr_line' id='line_1_11' title="bbox 273 1265 564 1339; baseline -0.003 -14"><span class='ocrx_word' id='word_1_42' title='bbox 273 1266 382 1325; x_wconf 87' lang='lat' dir='ltr'>Sancta</span> <span class='ocrx_word' id='word_1_43' title='bbox 396 1265 497 1339; x_wconf 89' lang='lat' dir='ltr'>Lucia,</span> <span class='ocrx_word' id='word_1_44' title='bbox 512 1285 564 1325; x_wconf 87' lang='lat' dir='ltr'>ora</span> 
     </span>
     <span class='ocr_line' id='line_1_12' title="bbox 274 1346 636 1419; baseline -0.002 -14"><span class='ocrx_word' id='word_1_45' title='bbox 274 1347 382 1406; x_wconf 86' lang='lat' dir='ltr'>Sancta</span> <span class='ocrx_word' id='word_1_46' title='bbox 396 1346 568 1419; x_wconf 84' lang='lat' dir='ltr'>Petronilla,</span> <span class='ocrx_word' id='word_1_47' title='bbox 585 1366 636 1404; x_wconf 90' lang='lat' dir='ltr'>ora</span> 
     </span>
     <span class='ocr_line' id='line_1_13' title="bbox 273 1427 594 1499; baseline 0 -13"><span class='ocrx_word' id='word_1_48' title='bbox 273 1427 382 1486; x_wconf 86' lang='lat' dir='ltr'>Sancta</span> <span class='ocrx_word' id='word_1_49' title='bbox 395 1428 417 1486; x_wconf 87' lang='lat' dir='ltr'>J</span> <span class='ocrx_word' id='word_1_50' title='bbox 418 1427 527 1499; x_wconf 81' lang='lat' dir='ltr'>uliano,</span> <span class='ocrx_word' id='word_1_51' title='bbox 542 1447 594 1484; x_wconf 89' lang='lat' dir='ltr'>ora</span> 
     </span>
     <span class='ocr_line' id='line_1_14' title="bbox 233 1507 789 1585; baseline -0.002 -17"><span class='ocrx_word' id='word_1_52' title='bbox 233 1508 344 1568; x_wconf 83' lang='lat' dir='ltr'>Omnes</span> <span class='ocrx_word' id='word_1_53' title='bbox 357 1513 465 1567; x_wconf 85' lang='lat' dir='ltr'>sanctae</span> <span class='ocrx_word' id='word_1_54' title='bbox 479 1507 628 1585; x_wconf 87' lang='lat' dir='ltr'>Virgines,</span> <span class='ocrx_word' id='word_1_55' title='bbox 644 1512 727 1566; x_wconf 91' lang='lat' dir='ltr'>orate</span> <span class='ocrx_word' id='word_1_56' title='bbox 754 1508 789 1567; x_wconf 83' lang='grc'>..’.</span> 
     </span>
     <span class='ocr_line' id='line_1_15' title="bbox 274 1589 598 1662; baseline 0 -15"><span class='ocrx_word' id='word_1_57' title='bbox 274 1589 383 1648; x_wconf 86' lang='lat' dir='ltr'>Omnes</span> <span class='ocrx_word' id='word_1_58' title='bbox 397 1589 500 1662; x_wconf 89' lang='lat' dir='ltr'>sancti,</span> <span class='ocrx_word' id='word_1_59' title='bbox 517 1595 598 1647; x_wconf 92' lang='lat' dir='ltr'>orate</span> 
     </span>
     <span class='ocr_line' id='line_1_16' title="bbox 233 1667 852 1749; baseline -0.005 -21"><span class='ocrx_word' id='word_1_60' title='bbox 233 1669 387 1747; x_wconf 73' lang='lat' dir='ltr'>Propitius</span> <span class='ocrx_word' id='word_1_61' title='bbox 399 1675 463 1728; x_wconf 87' lang='lat' dir='ltr'>esto</span> <span class='ocrx_word' id='word_1_62' title='bbox 476 1690 483 1728; x_wconf 90' lang='lat'><strong>:</strong></span> <span class='ocrx_word' id='word_1_63' title='bbox 509 1689 595 1749; x_wconf 85' lang='lat' dir='ltr'>parce</span> <span class='ocrx_word' id='word_1_64' title='bbox 608 1668 701 1742; x_wconf 90' lang='lat' dir='ltr'>nobis,</span> <span class='ocrx_word' id='word_1_65' title='bbox 715 1667 852 1726; x_wconf 88' lang='lat' dir='ltr'>Domine.</span> 
     </span>
     <span class='ocr_line' id='line_1_17' title="bbox 234 1749 671 1827; baseline -0.005 -17"><span class='ocrx_word' id='word_1_66' title='bbox 234 1751 342 1810; x_wconf 71' lang='lat' dir='ltr'>Totam</span> <span class='ocrx_word' id='word_1_67' title='bbox 361 1760 508 1827; x_wconf 69' lang='lat' dir='ltr'>repetatur</span> <span class='ocrx_word' id='word_1_68' title='bbox 527 1771 548 1808; x_wconf 84' lang='lat' dir='ltr'>a</span> <span class='ocrx_word' id='word_1_69' title='bbox 569 1749 671 1810; x_wconf 77' lang='lat' dir='ltr'>Oboro.</span> 
     </span>
    </p>
   </div>
   <div class='ocr_carea' id='block_1_3' title="bbox 232 1879 1031 2687">
    <p class='ocr_par' dir='ltr' id='par_1_3' title="bbox 232 1879 987 2037">
     <span class='ocr_line' id='line_1_18' title="bbox 232 1879 987 1955; baseline -0.005 -14"><span class='ocrx_word' id='word_1_70' title='bbox 232 1882 286 1941; x_wconf 87' lang='lat' dir='ltr'>Ab</span> <span class='ocrx_word' id='word_1_71' title='bbox 300 1883 382 1941; x_wconf 89' lang='lat' dir='ltr'>omni</span> <span class='ocrx_word' id='word_1_72' title='bbox 394 1882 481 1955; x_wconf 88' lang='lat' dir='ltr'>malo,</span> <span class='ocrx_word' id='word_1_73' title='bbox 497 1881 618 1942; x_wconf 71' lang='lat' dir='ltr'>Choma.</span> <span class='ocrx_word' id='word_1_74' title='bbox 660 1881 769 1940; x_wconf 87' lang='lat' dir='ltr'>Libera</span> <span class='ocrx_word' id='word_1_75' title='bbox 781 1901 844 1954; x_wconf 92' lang='lat' dir='ltr'>nos,</span> <span class='ocrx_word' id='word_1_76' title='bbox 858 1879 987 1939; x_wconf 90' lang='lat' dir='ltr'>Domine</span> 
     </span>
     <span class='ocr_line' id='line_1_19' title="bbox 232 1963 659 2037; baseline -0.002 -16"><span class='ocrx_word' id='word_1_77' title='bbox 232 1963 285 2021; x_wconf 84' lang='lat' dir='ltr'>Ab</span> <span class='ocrx_word' id='word_1_78' title='bbox 297 1963 413 2022; x_wconf 88' lang='lat' dir='ltr'>insidiis</span> <span class='ocrx_word' id='word_1_79' title='bbox 426 1963 545 2037; x_wconf 82' lang='lat' dir='ltr'>diaboli,</span> <span class='ocrx_word' id='word_1_80' title='bbox 560 1963 659 2021; x_wconf 82' lang='lat' dir='ltr'>libera</span> 
     </span>
    </p>

    <p class='ocr_par' dir='ltr' id='par_1_4' title="bbox 233 2042 1031 2197">
     <span class='ocr_line' id='line_1_20' title="bbox 233 2042 1031 2121; baseline -0.001 -18"><span class='ocrx_word' id='word_1_81' title='bbox 233 2043 292 2104; x_wconf 89' lang='lat' dir='ltr'>Per</span> <span class='ocrx_word' id='word_1_82' title='bbox 304 2044 478 2121; x_wconf 84' lang='lat' dir='ltr'>mysterium</span> <span class='ocrx_word' id='word_1_83' title='bbox 492 2049 599 2102; x_wconf 85' lang='lat' dir='ltr'>sanctae</span> <span class='ocrx_word' id='word_1_84' title='bbox 613 2042 833 2102; x_wconf 88' lang='lat' dir='ltr'>Inearnationis</span> <span class='ocrx_word' id='word_1_85' title='bbox 846 2048 915 2116; x_wconf 84' lang='lat' dir='ltr'>tuae,</span> <span class='ocrx_word' id='word_1_86' title='bbox 930 2042 1031 2103; x_wconf 90' lang='lat' dir='ltr'>libera.</span> 
     </span>
     <span class='ocr_line' id='line_1_21' title="bbox 234 2124 882 2197; baseline 0 -14"><span class='ocrx_word' id='word_1_87' title='bbox 234 2124 293 2184; x_wconf 91' lang='lat' dir='ltr'>Per</span> <span class='ocrx_word' id='word_1_88' title='bbox 305 2125 476 2184; x_wconf 75' lang='lat' dir='ltr'>Passionem</span> <span class='ocrx_word' id='word_1_89' title='bbox 490 2131 521 2183; x_wconf 87' lang='lat' dir='ltr'>et</span> <span class='ocrx_word' id='word_1_90' title='bbox 536 2125 660 2184; x_wconf 77' lang='lat' dir='ltr'>Crucem</span> <span class='ocrx_word' id='word_1_91' title='bbox 673 2131 766 2197; x_wconf 88' lang='lat' dir='ltr'>tuam,</span> <span class='ocrx_word' id='word_1_92' title='bbox 781 2124 882 2183; x_wconf 89' lang='lat' dir='ltr'>libera.</span> 
     </span>
    </p>

    <p class='ocr_par' dir='ltr' id='par_1_5' title="bbox 235 2205 931 2279">
     <span class='ocr_line' id='line_1_22' title="bbox 235 2205 931 2279; baseline -0.001 -16"><span class='ocrx_word' id='word_1_93' title='bbox 235 2205 294 2264; x_wconf 90' lang='lat' dir='ltr'>Per</span> <span class='ocrx_word' id='word_1_94' title='bbox 306 2213 437 2265; x_wconf 77' lang='lat' dir='ltr'>sanctam</span> <span class='ocrx_word' id='word_1_95' title='bbox 451 2206 710 2264; x_wconf 83' lang='lat' dir='ltr'>Resurrectionem</span> <span class='ocrx_word' id='word_1_96' title='bbox 723 2212 815 2279; x_wconf 87' lang='lat' dir='ltr'>tuam,</span> <span class='ocrx_word' id='word_1_97' title='bbox 830 2205 931 2263; x_wconf 89' lang='lat' dir='ltr'>libera.</span> 
     </span>
    </p>

    <p class='ocr_par' dir='ltr' id='par_1_6' title="bbox 233 2285 957 2357">
     <span class='ocr_line' id='line_1_23' title="bbox 233 2285 957 2357; baseline -0.004 -13"><span class='ocrx_word' id='word_1_98' title='bbox 233 2285 293 2345; x_wconf 91' lang='lat' dir='ltr'>Per</span> <span class='ocrx_word' id='word_1_99' title='bbox 305 2287 509 2347; x_wconf 81' lang='lat' dir='ltr'>admirabilem</span> <span class='ocrx_word' id='word_1_100' title='bbox 523 2287 736 2345; x_wconf 89' lang='lat' dir='ltr'>Ascensionem</span> <span class='ocrx_word' id='word_1_101' title='bbox 749 2293 841 2357; x_wconf 83' lang='lat' dir='ltr'>tuam,</span> <span class='ocrx_word' id='word_1_102' title='bbox 856 2285 957 2345; x_wconf 89' lang='lat' dir='ltr'>libera.</span> 
     </span>
    </p>

    <p class='ocr_par' dir='ltr' id='par_1_7' title="bbox 234 2366 964 2445">
     <span class='ocr_line' id='line_1_24' title="bbox 234 2366 964 2445; baseline -0.003 -20"><span class='ocrx_word' id='word_1_103' title='bbox 234 2366 293 2426; x_wconf 90' lang='lat' dir='ltr'>Per</span> <span class='ocrx_word' id='word_1_104' title='bbox 306 2368 432 2445; x_wconf 84' lang='lat' dir='ltr'>gratiam</span> <span class='ocrx_word' id='word_1_105' title='bbox 446 2367 548 2426; x_wconf 84' lang='lat' dir='ltr'>Sancti</span> <span class='ocrx_word' id='word_1_106' title='bbox 562 2368 691 2445; x_wconf 82' lang='lat' dir='ltr'>Spiritus</span> <span class='ocrx_word' id='word_1_107' title='bbox 705 2367 856 2440; x_wconf 87' lang='lat' dir='ltr'>Paracliti,</span> <span class='ocrx_word' id='word_1_108' title='bbox 870 2367 964 2424; x_wconf 90' lang='lat' dir='ltr'>libera</span> 
     </span>
    </p>

    <p class='ocr_par' dir='ltr' id='par_1_8' title="bbox 233 2448 586 2520">
     <span class='ocr_line' id='line_1_25' title="bbox 233 2448 586 2520; baseline 0.003 -13"><span class='ocrx_word' id='word_1_109' title='bbox 233 2448 274 2507; x_wconf 92' lang='lat' dir='ltr'>In</span> <span class='ocrx_word' id='word_1_110' title='bbox 286 2449 335 2507; x_wconf 90' lang='lat' dir='ltr'>die</span> <span class='ocrx_word' id='word_1_111' title='bbox 348 2449 370 2508; x_wconf 84' lang='lat' dir='ltr'><strong>J</strong></span> <span class='ocrx_word' id='word_1_112' title='bbox 371 2448 471 2520; x_wconf 89' lang='lat' dir='ltr'>udicii,</span> <span class='ocrx_word' id='word_1_113' title='bbox 485 2448 586 2508; x_wconf 86' lang='lat' dir='ltr'>libera</span> 
     </span>
    </p>

    <p class='ocr_par' dir='ltr' id='par_1_9' title="bbox 234 2528 789 2606">
     <span class='ocr_line' id='line_1_26' title="bbox 234 2528 789 2606; baseline 0.002 -18"><span class='ocrx_word' id='word_1_114' title='bbox 234 2528 415 2603; x_wconf 84' lang='lat' dir='ltr'>Peccatores,</span> <span class='ocrx_word' id='word_1_115' title='bbox 430 2530 472 2588; x_wconf 81' lang='lat' dir='ltr'>Te</span> <span class='ocrx_word' id='word_1_116' title='bbox 485 2549 631 2606; x_wconf 89' lang='lat' dir='ltr'>rogamus,</span> <span class='ocrx_word' id='word_1_117' title='bbox 644 2529 715 2589; x_wconf 92' lang='lat' dir='ltr'>audi</span> <span class='ocrx_word' id='word_1_118' title='bbox 727 2549 789 2590; x_wconf 88' lang='lat' dir='ltr'>nos.</span> 
     </span>
    </p>

    <p class='ocr_par' dir='ltr' id='par_1_10' title="bbox 235 2609 669 2687">
     <span class='ocr_line' id='line_1_27' title="bbox 235 2609 669 2687; baseline 0.005 -19"><span class='ocrx_word' id='word_1_119' title='bbox 235 2609 342 2669; x_wconf 72' lang='lat' dir='ltr'>Totam</span> <span class='ocrx_word' id='word_1_120' title='bbox 360 2619 508 2687; x_wconf 79' lang='lat' dir='ltr'>repetatur</span> <span class='ocrx_word' id='word_1_121' title='bbox 527 2631 548 2668; x_wconf 85' lang='lat' dir='ltr'>o</span> <span class='ocrx_word' id='word_1_122' title='bbox 567 2609 669 2670; x_wconf 74' lang='lat' dir='ltr'>Oboro,</span> 
     </span>
    </p>
   </div>
   <div class='ocr_carea' id='block_1_4' title="bbox 84 2738 1318 3626">
    <p class='ocr_par' dir='ltr' id='par_1_11' title="bbox 84 2738 1315 2898">
     <span class='ocr_line' id='line_1_28' title="bbox 152 2738 1313 2818; baseline -0.001 -20"><span class='ocrx_word' id='word_1_123' title='bbox 152 2738 202 2799; x_wconf 89' lang='lat' dir='ltr'>Ut</span> <span class='ocrx_word' id='word_1_124' title='bbox 214 2758 315 2818; x_wconf 86' lang='lat' dir='ltr'>paoem</span> <span class='ocrx_word' id='word_1_125' title='bbox 329 2746 359 2798; x_wconf 90' lang='lat' dir='ltr'>et</span> <span class='ocrx_word' id='word_1_126' title='bbox 372 2740 558 2811; x_wconf 84' lang='lat' dir='ltr'>concordium</span> <span class='ocrx_word' id='word_1_127' title='bbox 570 2740 656 2798; x_wconf 90' lang='lat' dir='ltr'>nobis</span> <span class='ocrx_word' id='word_1_128' title='bbox 670 2740 777 2812; x_wconf 83' lang='lat' dir='ltr'>dones3</span> <span class='ocrx_word' id='word_1_129' title='bbox 799 2738 995 2798; x_wconf 74' lang='lat' dir='ltr'>Chorus—Te</span> <span class='ocrx_word' id='word_1_130' title='bbox 1008 2759 1152 2818; x_wconf 82' lang='lat' dir='ltr'>rogamus,</span> <span class='ocrx_word' id='word_1_131' title='bbox 1167 2739 1239 2798; x_wconf 91' lang='lat' dir='ltr'>audi</span> <span class='ocrx_word' id='word_1_132' title='bbox 1251 2760 1313 2798; x_wconf 90' lang='lat' dir='ltr'>nos.</span> 
     </span>
     <span class='ocr_line' id='line_1_29' title="bbox 84 2819 1315 2898; baseline -0.002 -18"><span class='ocrx_word' id='word_1_133' title='bbox 84 2853 88 2861; x_wconf 93' lang='lat'>·</span> <span class='ocrx_word' id='word_1_134' title='bbox 153 2819 202 2880; x_wconf 89' lang='lat' dir='ltr'>Ut</span> <span class='ocrx_word' id='word_1_135' title='bbox 222 2827 354 2879; x_wconf 88' lang='lat' dir='ltr'>sanctam</span> <span class='ocrx_word' id='word_1_136' title='bbox 373 2821 524 2880; x_wconf 88' lang='lat' dir='ltr'>ecclesiam</span> <span class='ocrx_word' id='word_1_137' title='bbox 538 2827 622 2880; x_wconf 92' lang='lat' dir='ltr'>tuam</span> <span class='ocrx_word' id='word_1_138' title='bbox 634 2840 733 2898; x_wconf 87' lang='lat' dir='ltr'>regere</span> <span class='ocrx_word' id='word_1_139' title='bbox 747 2839 780 2878; x_wconf 87' lang='lat' dir='ltr'>ao</span> <span class='ocrx_word' id='word_1_140' title='bbox 793 2819 945 2878; x_wconf 88' lang='lat' dir='ltr'>defensare</span> <span class='ocrx_word' id='word_1_141' title='bbox 958 2819 1106 2896; x_wconf 69' lang='lat' dir='ltr'>digneris,</span> <span class='ocrx_word' id='word_1_142' title='bbox 1125 2827 1156 2878; x_wconf 90' lang='lat' dir='ltr'>te</span> <span class='ocrx_word' id='word_1_143' title='bbox 1169 2840 1315 2898; x_wconf 82' lang='lat' dir='ltr'>rogamus,</span> 
     </span>
    </p>

    <p class='ocr_par' dir='ltr' id='par_1_12' title="bbox 314 2902 460 2960">
     <span class='ocr_line' id='line_1_30' title="bbox 314 2902 460 2960; baseline 0.007 -1"><span class='ocrx_word' id='word_1_144' title='bbox 314 2902 385 2960; x_wconf 92' lang='lat' dir='ltr'>audi</span> <span class='ocrx_word' id='word_1_145' title='bbox 398 2922 460 2960; x_wconf 88' lang='lat' dir='ltr'>nos.</span> 
     </span>
    </p>

    <p class='ocr_par' dir='ltr' id='par_1_13' title="bbox 154 2979 1318 3140">
     <span class='ocr_line' id='line_1_31' title="bbox 154 2979 1318 3060; baseline -0.001 -19"><span class='ocrx_word' id='word_1_146' title='bbox 154 2981 204 3042; x_wconf 89' lang='lat' dir='ltr'>Ut</span> <span class='ocrx_word' id='word_1_147' title='bbox 216 2981 359 3041; x_wconf 91' lang='lat' dir='ltr'>domnum</span> <span class='ocrx_word' id='word_1_148' title='bbox 372 2983 574 3060; x_wconf 88' lang='lat' dir='ltr'>apostolicum,</span> <span class='ocrx_word' id='word_1_149' title='bbox 585 2988 616 3041; x_wconf 88' lang='lat' dir='ltr'>et</span> <span class='ocrx_word' id='word_1_150' title='bbox 630 3001 730 3040; x_wconf 89' lang='lat' dir='ltr'>omnes</span> <span class='ocrx_word' id='word_1_151' title='bbox 743 2981 852 3058; x_wconf 87' lang='lat' dir='ltr'>gradus</span> <span class='ocrx_word' id='word_1_152' title='bbox 866 2979 993 3039; x_wconf 85' lang='lat' dir='ltr'>ecclesiae</span> <span class='ocrx_word' id='word_1_153' title='bbox 1006 2980 1040 3040; x_wconf 93' lang='lat' dir='ltr'>in</span> <span class='ocrx_word' id='word_1_154' title='bbox 1053 2989 1155 3040; x_wconf 85' lang='lat' dir='ltr'>sancta</span> <span class='ocrx_word' id='word_1_155' title='bbox 1174 2981 1318 3060; x_wconf 83' lang='lat' dir='ltr'>religione</span> 
     </span>
     <span class='ocr_line' id='line_1_32' title="bbox 315 3060 1015 3140; baseline -0.001 -18"><span class='ocrx_word' id='word_1_156' title='bbox 315 3083 487 3122; x_wconf 88' lang='lat' dir='ltr'>conservare</span> <span class='ocrx_word' id='word_1_157' title='bbox 500 3063 648 3140; x_wconf 81' lang='lat' dir='ltr'>digneris3</span> <span class='ocrx_word' id='word_1_158' title='bbox 667 3069 698 3120; x_wconf 88' lang='lat' dir='ltr'>tc</span> <span class='ocrx_word' id='word_1_159' title='bbox 710 3082 857 3140; x_wconf 86' lang='lat' dir='ltr'>rogamus,</span> <span class='ocrx_word' id='word_1_160' title='bbox 871 3063 941 3119; x_wconf 90' lang='lat' dir='ltr'>audi</span> <span class='ocrx_word' id='word_1_161' title='bbox 954 3060 1015 3121; x_wconf 86' lang='lat' dir='ltr'>nbs.</span> 
     </span>
    </p>

    <p class='ocr_par' dir='ltr' id='par_1_14' title="bbox 155 3142 1316 3302">
     <span class='ocr_line' id='line_1_33' title="bbox 155 3142 1316 3222; baseline -0.002 -19"><span class='ocrx_word' id='word_1_162' title='bbox 155 3143 204 3204; x_wconf 87' lang='lat' dir='ltr'>Ut</span> <span class='ocrx_word' id='word_1_163' title='bbox 211 3144 462 3222; x_wconf 86' lang='lat' dir='ltr'>archiepiscopum</span> <span class='ocrx_word' id='word_1_164' title='bbox 471 3151 616 3217; x_wconf 89' lang='lat' dir='ltr'>nostrum,</span> <span class='ocrx_word' id='word_1_165' title='bbox 627 3149 657 3202; x_wconf 89' lang='lat' dir='ltr'>et</span> <span class='ocrx_word' id='word_1_166' title='bbox 667 3163 785 3201; x_wconf 89' lang='lat' dir='ltr'>omnem</span> <span class='ocrx_word' id='word_1_167' title='bbox 798 3143 1052 3220; x_wconf 87' lang='lat' dir='ltr'>congregationem</span> <span class='ocrx_word' id='word_1_168' title='bbox 1065 3142 1122 3200; x_wconf 91' lang='lat' dir='ltr'>sibi</span> <span class='ocrx_word' id='word_1_169' title='bbox 1130 3143 1316 3201; x_wconf 84' lang='lat' dir='ltr'>commissam</span> 
     </span>
     <span class='ocr_line' id='line_1_34' title="bbox 315 3224 1313 3302; baseline -0.002 -18"><span class='ocrx_word' id='word_1_170' title='bbox 315 3225 349 3284; x_wconf 95' lang='lat' dir='ltr'>in</span> <span class='ocrx_word' id='word_1_171' title='bbox 362 3232 463 3285; x_wconf 86' lang='lat' dir='ltr'>sancta</span> <span class='ocrx_word' id='word_1_172' title='bbox 476 3225 617 3302; x_wconf 88' lang='lat' dir='ltr'>religione</span> <span class='ocrx_word' id='word_1_173' title='bbox 630 3244 801 3283; x_wconf 81' lang='lat' dir='ltr'>conservare</span> <span class='ocrx_word' id='word_1_174' title='bbox 811 3224 958 3301; x_wconf 80' lang='lat' dir='ltr'>digneris3</span> <span class='ocrx_word' id='word_1_175' title='bbox 978 3231 1009 3282; x_wconf 84' lang='lat' dir='ltr'>te</span> <span class='ocrx_word' id='word_1_176' title='bbox 1018 3243 1163 3300; x_wconf 88' lang='lat' dir='ltr'>rogamus,</span> <span class='ocrx_word' id='word_1_177' title='bbox 1173 3224 1243 3292; x_wconf 89' lang='lat' dir='ltr'>audi</span> <span class='ocrx_word' id='word_1_178' title='bbox 1252 3244 1313 3282; x_wconf 90' lang='lat' dir='ltr'>nos.</span> 
     </span>
    </p>

    <p class='ocr_par' dir='ltr' id='par_1_15' title="bbox 155 3305 1315 3464">
     <span class='ocr_line' id='line_1_35' title="bbox 155 3305 1315 3384; baseline -0.003 -18"><span class='ocrx_word' id='word_1_179' title='bbox 155 3305 204 3366; x_wconf 89' lang='lat' dir='ltr'>Ut</span> <span class='ocrx_word' id='word_1_180' title='bbox 215 3312 356 3366; x_wconf 87' lang='lat' dir='ltr'>cunctum</span> <span class='ocrx_word' id='word_1_181' title='bbox 368 3307 512 3383; x_wconf 92' lang='lat' dir='ltr'>populum</span> <span class='ocrx_word' id='word_1_182' title='bbox 526 3306 729 3364; x_wconf 78' lang='lat' dir='ltr'>Christianum</span> <span class='ocrx_word' id='word_1_183' title='bbox 749 3305 877 3384; x_wconf 88' lang='lat' dir='ltr'>pretioso</span> <span class='ocrx_word' id='word_1_184' title='bbox 898 3305 1040 3383; x_wconf 82' lang='lat' dir='ltr'>sanguine</span> <span class='ocrx_word' id='word_1_185' title='bbox 1057 3311 1111 3363; x_wconf 89' lang='lat' dir='ltr'>tuo</span> <span class='ocrx_word' id='word_1_186' title='bbox 1129 3305 1315 3384; x_wconf 88' lang='lat' dir='ltr'>redemptum</span> 
     </span>
     <span class='ocr_line' id='line_1_36' title="bbox 315 3384 1015 3464; baseline -0.001 -18"><span class='ocrx_word' id='word_1_187' title='bbox 315 3407 486 3446; x_wconf 87' lang='lat' dir='ltr'>conservare</span> <span class='ocrx_word' id='word_1_188' title='bbox 499 3387 646 3464; x_wconf 82' lang='lat' dir='ltr'>digneris3</span> <span class='ocrx_word' id='word_1_189' title='bbox 665 3384 696 3445; x_wconf 81' lang='lat' dir='ltr'>te</span> <span class='ocrx_word' id='word_1_190' title='bbox 710 3406 856 3464; x_wconf 86' lang='lat' dir='ltr'>rogamus,</span> <span class='ocrx_word' id='word_1_191' title='bbox 870 3387 1015 3445; x_wconf 86' lang='lat' dir='ltr'>audinus.</span> 
     </span>
    </p>

    <p class='ocr_par' dir='ltr' id='par_1_16' title="bbox 155 3466 1314 3626">
     <span class='ocr_line' id='line_1_37' title="bbox 155 3466 1314 3545; baseline 0 -18"><span class='ocrx_word' id='word_1_192' title='bbox 155 3466 204 3527; x_wconf 88' lang='lat' dir='ltr'>Ut</span> <span class='ocrx_word' id='word_1_193' title='bbox 230 3468 356 3545; x_wconf 86' lang='lat' dir='ltr'>gratiam</span> <span class='ocrx_word' id='word_1_194' title='bbox 377 3469 479 3527; x_wconf 86' lang='lat' dir='ltr'>Sancti</span> <span class='ocrx_word' id='word_1_195' title='bbox 498 3468 628 3544; x_wconf 88' lang='lat' dir='ltr'>Spiritus</span> <span class='ocrx_word' id='word_1_196' title='bbox 647 3468 784 3526; x_wconf 89' lang='lat' dir='ltr'>cordibus</span> <span class='ocrx_word' id='word_1_197' title='bbox 804 3469 913 3526; x_wconf 90' lang='lat' dir='ltr'>nostris</span> <span class='ocrx_word' id='word_1_198' title='bbox 933 3466 1089 3525; x_wconf 85' lang='lat' dir='ltr'>infundere</span> <span class='ocrx_word' id='word_1_199' title='bbox 1110 3466 1258 3545; x_wconf 82' lang='lat' dir='ltr'>digneris3</span> <span class='ocrx_word' id='word_1_200' title='bbox 1284 3474 1314 3527; x_wconf 90' lang='lat' dir='ltr'>te</span> 
     </span>
     <span class='ocr_line' id='line_1_38' title="bbox 315 3549 618 3626; baseline 0 -19"><span class='ocrx_word' id='word_1_201' title='bbox 315 3569 460 3626; x_wconf 88' lang='lat' dir='ltr'>rogamus,</span> <span class='ocrx_word' id='word_1_202' title='bbox 475 3549 546 3606; x_wconf 88' lang='lat' dir='ltr'>audi</span> <span class='ocrx_word' id='word_1_203' title='bbox 557 3569 618 3607; x_wconf 89' lang='lat' dir='ltr'>nos.</span> 
     </span>
    </p>
   </div>
   <div class='ocr_carea' id='block_1_5' title="bbox 155 3627 1317 4054">
    <p class='ocr_par' dir='ltr' id='par_1_17' title="bbox 155 3627 1317 3788">
     <span class='ocr_line' id='line_1_39' title="bbox 155 3627 1317 3709; baseline 0 -21"><span class='ocrx_word' id='word_1_204' title='bbox 155 3627 204 3688; x_wconf 89' lang='lat' dir='ltr'>Ut</span> <span class='ocrx_word' id='word_1_205' title='bbox 216 3631 331 3688; x_wconf 88' lang='lat' dir='ltr'>cunctis</span> <span class='ocrx_word' id='word_1_206' title='bbox 348 3630 483 3688; x_wconf 84' lang='lat' dir='ltr'>fidelibus</span> <span class='ocrx_word' id='word_1_207' title='bbox 503 3629 649 3689; x_wconf 83' lang='lat' dir='ltr'>defunctis</span> <span class='ocrx_word' id='word_1_208' title='bbox 666 3630 800 3708; x_wconf 88' lang='lat' dir='ltr'>requiem</span> <span class='ocrx_word' id='word_1_209' title='bbox 819 3634 960 3689; x_wconf 88' lang='lat' dir='ltr'>aeternam</span> <span class='ocrx_word' id='word_1_210' title='bbox 981 3630 1091 3688; x_wconf 88' lang='lat' dir='ltr'>donare</span> <span class='ocrx_word' id='word_1_211' title='bbox 1111 3629 1240 3709; x_wconf 87' lang='lat' dir='ltr'>digneris</span> <span class='ocrx_word' id='word_1_212' title='bbox 1248 3650 1258 3703; x_wconf 91' lang='lat'>;</span> <span class='ocrx_word' id='word_1_213' title='bbox 1284 3637 1317 3688; x_wconf 89' lang='lat' dir='ltr'>te</span> 
     </span>
     <span class='ocr_line' id='line_1_40' title="bbox 315 3711 620 3788; baseline 0.007 -20"><span class='ocrx_word' id='word_1_214' title='bbox 315 3730 460 3788; x_wconf 89' lang='lat' dir='ltr'>rogamus,</span> <span class='ocrx_word' id='word_1_215' title='bbox 475 3711 545 3768; x_wconf 87' lang='lat' dir='ltr'>audi</span> <span class='ocrx_word' id='word_1_216' title='bbox 558 3731 620 3770; x_wconf 90' lang='lat' dir='ltr'>nos.</span> 
     </span>
    </p>

    <p class='ocr_par' dir='ltr' id='par_1_18' title="bbox 156 3790 972 3870">
     <span class='ocr_line' id='line_1_41' title="bbox 156 3790 972 3870; baseline 0 -20"><span class='ocrx_word' id='word_1_217' title='bbox 156 3790 204 3851; x_wconf 87' lang='lat' dir='ltr'>Ut</span> <span class='ocrx_word' id='word_1_218' title='bbox 216 3810 270 3849; x_wconf 88' lang='lat' dir='ltr'>nos</span> <span class='ocrx_word' id='word_1_219' title='bbox 283 3792 425 3850; x_wconf 86' lang='lat' dir='ltr'>exaudire</span> <span class='ocrx_word' id='word_1_220' title='bbox 437 3791 585 3869; x_wconf 80' lang='lat' dir='ltr'>digneris3</span> <span class='ocrx_word' id='word_1_221' title='bbox 604 3797 636 3850; x_wconf 89' lang='lat' dir='ltr'>te</span> <span class='ocrx_word' id='word_1_222' title='bbox 648 3811 795 3870; x_wconf 85' lang='lat' dir='ltr'>rogamus,</span> <span class='ocrx_word' id='word_1_223' title='bbox 810 3793 881 3851; x_wconf 86' lang='lat' dir='ltr'>audi</span> <span class='ocrx_word' id='word_1_224' title='bbox 893 3811 957 3853; x_wconf 90' lang='lat' dir='ltr'>nos.</span> <span class='ocrx_word' id='word_1_225' title='bbox 969 3829 972 3834; x_wconf 94' lang='lat'><em>-</em></span> 
     </span>
    </p>

    <p class='ocr_par' dir='ltr' id='par_1_19' title="bbox 156 3882 676 3962">
     <span class='ocr_line' id='line_1_42' title="bbox 156 3882 676 3962; baseline 0 -20"><span class='ocrx_word' id='word_1_226' title='bbox 156 3882 217 3942; x_wconf 84' lang='lat' dir='ltr'>Fili</span> <span class='ocrx_word' id='word_1_227' title='bbox 229 3882 289 3942; x_wconf 92' lang='lat' dir='ltr'>Dei</span> <span class='ocrx_word' id='word_1_228' title='bbox 296 3903 306 3958; x_wconf 85' lang='lat'>3</span> <span class='ocrx_word' id='word_1_229' title='bbox 326 3890 358 3943; x_wconf 88' lang='lat' dir='ltr'>tc</span> <span class='ocrx_word' id='word_1_230' title='bbox 370 3905 517 3962; x_wconf 89' lang='lat' dir='ltr'>rogamus,</span> <span class='ocrx_word' id='word_1_231' title='bbox 531 3885 601 3943; x_wconf 89' lang='lat' dir='ltr'>audi</span> <span class='ocrx_word' id='word_1_232' title='bbox 614 3904 676 3943; x_wconf 88' lang='lat' dir='ltr'>nos.</span> 
     </span>
    </p>

    <p class='ocr_par' dir='ltr' id='par_1_20' title="bbox 157 3975 569 4054">
     <span class='ocr_line' id='line_1_43' title="bbox 157 3975 569 4054; baseline 0.01 -20"><span class='ocrx_word' id='word_1_233' title='bbox 157 3975 264 4036; x_wconf 71' lang='lat' dir='ltr'>Peteon</span> <span class='ocrx_word' id='word_1_234' title='bbox 275 3987 423 4054; x_wconf 78' lang='lat' dir='ltr'>repetatur</span> <span class='ocrx_word' id='word_1_235' title='bbox 435 3998 455 4035; x_wconf 86' lang='grc'>1</span> <span class='ocrx_word' id='word_1_236' title='bbox 470 3976 569 4038; x_wconf 68' lang='lat' dir='ltr'>storo.</span> 
     </span>
    </p>
   </div>
   <div class='ocr_carea' id='block_1_6' title="bbox 236 4107 1218 4349">
    <p class='ocr_par' dir='ltr' id='par_1_21' title="bbox 236 4107 1218 4349">
     <span class='ocr_line' id='line_1_44' title="bbox 236 4107 1218 4187; baseline 0.003 -21"><span class='ocrx_word' id='word_1_237' title='bbox 236 4107 344 4186; x_wconf 85' lang='lat' dir='ltr'>Agnus</span> <span class='ocrx_word' id='word_1_238' title='bbox 357 4108 425 4182; x_wconf 87' lang='lat' dir='ltr'>Dei,</span> <span class='ocrx_word' id='word_1_239' title='bbox 439 4109 493 4186; x_wconf 89' lang='lat' dir='ltr'>qui</span> <span class='ocrx_word' id='word_1_240' title='bbox 505 4108 585 4168; x_wconf 87' lang='lat' dir='ltr'>tollis</span> <span class='ocrx_word' id='word_1_241' title='bbox 598 4113 718 4187; x_wconf 88' lang='lat' dir='ltr'>peccata</span> <span class='ocrx_word' id='word_1_242' title='bbox 730 4108 854 4183; x_wconf 82' lang='lat' dir='ltr'>mundi3</span> <span class='ocrx_word' id='word_1_243' title='bbox 875 4129 960 4187; x_wconf 88' lang='lat' dir='ltr'>parce</span> <span class='ocrx_word' id='word_1_244' title='bbox 973 4110 1066 4182; x_wconf 88' lang='lat' dir='ltr'>nobis,</span> <span class='ocrx_word' id='word_1_245' title='bbox 1081 4110 1218 4169; x_wconf 90' lang='lat' dir='ltr'>Domine.</span> 
     </span>
     <span class='ocr_line' id='line_1_45' title="bbox 237 4188 1212 4268; baseline 0.001 -21"><span class='ocrx_word' id='word_1_246' title='bbox 237 4188 345 4267; x_wconf 86' lang='lat' dir='ltr'>Agnus</span> <span class='ocrx_word' id='word_1_247' title='bbox 359 4189 426 4263; x_wconf 92' lang='lat' dir='ltr'>Dei,</span> <span class='ocrx_word' id='word_1_248' title='bbox 441 4192 494 4267; x_wconf 92' lang='lat' dir='ltr'>qui</span> <span class='ocrx_word' id='word_1_249' title='bbox 507 4189 587 4249; x_wconf 86' lang='lat' dir='ltr'>tollis</span> <span class='ocrx_word' id='word_1_250' title='bbox 600 4196 720 4268; x_wconf 87' lang='lat' dir='ltr'>peccata</span> <span class='ocrx_word' id='word_1_251' title='bbox 731 4191 854 4263; x_wconf 81' lang='lat' dir='ltr'>mundi3</span> <span class='ocrx_word' id='word_1_252' title='bbox 875 4190 985 4248; x_wconf 86' lang='lat' dir='ltr'>exaudi</span> <span class='ocrx_word' id='word_1_253' title='bbox 996 4211 1058 4265; x_wconf 91' lang='lat' dir='ltr'>nos,</span> <span class='ocrx_word' id='word_1_254' title='bbox 1075 4191 1212 4249; x_wconf 89' lang='lat' dir='ltr'>Domine.</span> 
     </span>
     <span class='ocr_line' id='line_1_46' title="bbox 236 4270 1124 4349; baseline 0.001 -22"><span class='ocrx_word' id='word_1_255' title='bbox 236 4270 345 4348; x_wconf 80' lang='lat' dir='ltr'>Agnus</span> <span class='ocrx_word' id='word_1_256' title='bbox 359 4270 425 4344; x_wconf 86' lang='lat' dir='ltr'>Dei,</span> <span class='ocrx_word' id='word_1_257' title='bbox 439 4271 492 4348; x_wconf 91' lang='lat' dir='ltr'>qui</span> <span class='ocrx_word' id='word_1_258' title='bbox 505 4271 586 4330; x_wconf 89' lang='lat' dir='ltr'>tollis</span> <span class='ocrx_word' id='word_1_259' title='bbox 598 4277 718 4349; x_wconf 87' lang='lat' dir='ltr'>peccata</span> <span class='ocrx_word' id='word_1_260' title='bbox 731 4271 854 4346; x_wconf 72' lang='lat' dir='ltr'>mundi,</span> <span class='ocrx_word' id='word_1_261' title='bbox 873 4272 1016 4330; x_wconf 88' lang='lat' dir='ltr'>miserere.</span> <span class='ocrx_word' id='word_1_262' title='bbox 1031 4271 1124 4330; x_wconf 83' lang='lat' dir='ltr'>nobie.</span> 
     </span>
    </p>
   </div>
   <div class='ocr_carea' id='block_1_7' title="bbox 123 4411 1320 4572">
    <p class='ocr_par' dir='ltr' id='par_1_22' title="bbox 123 4411 1320 4572">
     <span class='ocr_line' id='line_1_47' title="bbox 177 4411 1319 4490; baseline 0 -20"><span class='ocrx_word' id='word_1_263' title='bbox 177 4411 292 4472; x_wconf 75' lang='lat' dir='ltr'>Deinde</span> <span class='ocrx_word' id='word_1_264' title='bbox 308 4414 412 4473; x_wconf 76' lang='lat' dir='ltr'>Raetor-</span> <span class='ocrx_word' id='word_1_265' title='bbox 432 4411 522 4472; x_wconf 77' lang='lat' dir='ltr'>Obori</span> <span class='ocrx_word' id='word_1_266' title='bbox 537 4412 685 4490; x_wconf 77' lang='lat' dir='ltr'>incipiat:</span> <span class='ocrx_word' id='word_1_267' title='bbox 710 4412 808 4490; x_wconf 89' lang='lat' dir='ltr'>Kyrie</span> <span class='ocrx_word' id='word_1_268' title='bbox 825 4413 950 4490; x_wconf 85' lang='lat' dir='ltr'>eleyson,</span> <span class='ocrx_word' id='word_1_269' title='bbox 969 4421 1030 4473; x_wconf 76' lang='lat' dir='ltr'>ar:</span> <span class='ocrx_word' id='word_1_270' title='bbox 1057 4411 1175 4470; x_wconf 78' lang='lat' dir='ltr'>Christe</span> <span class='ocrx_word' id='word_1_271' title='bbox 1192 4412 1319 4489; x_wconf 87' lang='lat' dir='ltr'>eleyson,</span> 
     </span>
     <span class='ocr_line' id='line_1_48' title="bbox 123 4492 1320 4572; baseline 0.001 -21"><span class='ocrx_word' id='word_1_272' title='bbox 123 4499 180 4555; x_wconf 78' lang='lat' dir='ltr'>ter:</span> <span class='ocrx_word' id='word_1_273' title='bbox 199 4494 297 4572; x_wconf 86' lang='lat' dir='ltr'>Kyrie</span> <span class='ocrx_word' id='word_1_274' title='bbox 311 4492 438 4570; x_wconf 88' lang='lat' dir='ltr'>eleyson,</span> <span class='ocrx_word' id='word_1_275' title='bbox 454 4503 502 4556; x_wconf 84' lang='lat' dir='ltr'>ter.</span> <span class='ocrx_word' id='word_1_276' title='bbox 544 4493 659 4555; x_wconf 77' lang='lat' dir='ltr'>Deinde</span> <span class='ocrx_word' id='word_1_277' title='bbox 671 4494 818 4554; x_wconf 72' lang='lat' dir='ltr'>Probata</span> <span class='ocrx_word' id='word_1_278' title='bbox 837 4514 904 4554; x_wconf 76' lang='lat' dir='ltr'>ouon</span> <span class='ocrx_word' id='word_1_279' title='bbox 922 4503 1027 4570; x_wconf 79' lang='lat' dir='ltr'>septem</span> <span class='ocrx_word' id='word_1_280' title='bbox 1046 4493 1234 4570; x_wconf 67' lang='lat' dir='ltr'>coloniaque</span> <span class='ocrx_word' id='word_1_281' title='bbox 1247 4494 1320 4552; x_wconf 70' lang='lat' dir='ltr'>Da-</span> 
     </span>
    </p>
   </div>
   <div class='ocr_carea' id='block_1_8' title="bbox 0 0 1467 4986">
    <p class='ocr_par' dir='ltr' id='par_1_23' title="bbox 0 0 1467 4986">
     <span class='ocr_line' id='line_1_49' title="bbox 0 0 1467 4986; baseline 0 0"><span class='ocrx_word' id='word_1_282' title='bbox 0 0 1467 4986; x_wconf 95' lang='lat' dir='ltr'> </span> 
     </span>
    </p>
   </div>
  </div>
 </body>
</html>
