2886 4994
162 387 205 450 38
433 380 618 449 Domimiou
632 374 688 446 iii.
701 382 777 466 post
793 379 857 447 Oet.
874 378 1088 466 Epiphaniae.
1157 412 1160 421 ·

647 586 747 644 Ferus
771 587 880 645 Snxrn.

223 720 272 778 Ad
288 718 470 777 Tineotltenm
483 717 518 795 (1
534 717 553 774 i.
573 716 686 796 15-17).

223 811 379 871 Carissimo
393 831 399 869 :
420 809 531 871 Fidelis
544 829 639 867 sermo
652 829 741 884 usque
755 810 796 866 od
811 810 962 868 insaecula
975 809 1155 867 saeculorum.
1213 811 1323 870 Amen.

223 904 390 964 Samendum
404 903 516 961 Lucam
537 901 592 980 (iv.
610 901 724 976 31-37).

150 1069 153 1075 ¹
223 1003 263 1060 In
276 1002 329 1060 illo
342 1008 483 1078 tempore,
499 1001 660 1060 Descendit
674 1001 696 1058 J
697 1021 763 1058 esus
777 1001 809 1058 in
824 1000 1030 1077 Gapharnaum
1045 1019 1135 1076 neque
1149 1002 1189 1059 nd
1202 1001 1234 1059 in
1250 1022 1370 1060 omnem

163 1085 261 1142 locum
274 1083 408 1161 regionis

385 1262 547 1320 Donrurou
566 1277 678 1319 rrnrrs
699 1277 771 1319 rosr
792 1261 932 1319 Oornvns
952 1260 1145 1318 Ermerium

225 1418 276 1476 Ad
287 1418 419 1476 Missam.
465 1416 605 1492 Officium.

225 1500 358 1559 Adorate
380 1499 488 1572 Deum,
503 1518 603 1556 omnes
625 1497 721 1576 angeli
745 1498 815 1574 ejus.
858 1496 988 1555 Audivie
1009 1503 1040 1555 et
1061 1497 1162 1556 laetata
1176 1505 1221 1556 est
1243 1498 1325 1572 Sion,
1341 1507 1371 1558 et

166 1581 377 1641 exultaverunt
390 1579 458 1636 filiae
472 1578 495 1638 J
497 1580 568 1636 udae.

225 1662 372 1720 Peuma.

226 1743 374 1800 Dominus
387 1740 531 1819 regnavit,
547 1739 661 1798 exultet
675 1746 773 1798 terra:
794 1740 934 1797 laetentur
946 1739 1049 1797 insulae
1064 1741 1175 1799 multae.

228 1824 339 1882 Oratis.

227 1904 422 1980 Omnipotens
436 1902 613 1978 sempiterne
628 1902 718 1972 Deus,
731 1901 936 1960 infimitatem
945 1908 1078 1959 nostram
1091 1903 1238 1979 propitius
1248 1905 1358 1981 respice
1364 1926 1373 1976 5

166 1993 255 2062 atque
268 1985 306 2042 ad
326 1983 539 2060 protegendum
552 2002 606 2040 nos
622 1983 775 2040 dexteram
793 1988 852 2040 tuae
866 1984 1029 2059 majestatis
1042 1985 1177 2041 extende.
1234 1983 1294 2042 Per
1315 1985 1374 2043 Do·

167 2085 291 2125 mmum.
625 2110 627 2115 .

226 2145 275 2204 Ad
291 2146 439 2204 Romanoa
452 2142 523 2221 (xit.
541 2144 659 2223 16-21).

226 2227 363 2285 Fratres:
385 2225 489 2283 Nolite
506 2244 567 2282 esse
581 2225 740 2302 prudentes
753 2225 832 2302 apud
845 2225 1037 2302 vosmetipsos
1051 2244 1141 2301 usque
1161 2227 1202 2284 ud
1222 2228 1274 2285 sed
1288 2229 1374 2288 vinee

166 2309 200 2367 in
212 2308 291 2368 bono
305 2307 425 2364 malum.

230 2387 365 2448 madan.

226 2469 388 2528 Timebunt
416 2472 519 2545 gentes
545 2486 654 2526 nomen
680 2473 776 2541 tuum,
805 2468 957 2526 Domine:
992 2474 1023 2526 et
1050 2488 1151 2527 omnes
1177 2489 1260 2548 reges
1287 2477 1373 2530 terrae

167 2550 293 2630 gloriam
313 2556 403 2607 tuam.

174 2633 202 2692 V.
226 2632 374 2703 Quoniam
387 2630 544 2688 aedifioavit
558 2629 705 2687 Dominus
719 2630 807 2688 Sion:
829 2636 860 2687 et
872 2630 1024 2688 videbitur
1035 2631 1069 2687 in
1082 2632 1236 2707 majestate
1250 2653 1312 2691 sua.

229 2713 377 2791 Alleluya
437 2712 464 2770 V.
495 2710 643 2768 Dominus
666 2712 810 2788 regnavit,
836 2711 952 2769 exultet
975 2719 1071 2770 terra:
1105 2712 1246 2770 laetentur
1269 2714 1372 2774 insulae

169 2794 279 2854 multae.
359 2791 362 2799 '

228 2875 396 2936 Secundam
409 2873 584 2933 Mattleaeum
597 2873 677 2952 (etit
696 2873 791 2951 1-13).

228 2958 268 3017 In
290 2957 342 3016 illo
365 2963 505 3033 tempore,
527 2955 603 3014 (lum
625 2955 822 3014 descendisset
843 2953 931 3014 Jesus
958 2956 995 3014 do
1021 2962 1238 3032 montemque
1265 2958 1307 3015 ud
1337 2957 1378 3015 Et

168 3047 289 3099 sanatus
302 3045 348 3097 est
360 3057 434 3115 puer
447 3037 480 3095 in
494 3037 546 3095 illa
559 3038 640 3096 hora

231 3120 428 3196 offertorium.

230 3202 363 3261 Dextera
385 3201 508 3259 Domini
528 3201 597 3258 feeit
611 3201 772 3258 virtutem:
795 3199 919 3257 dextera
932 3199 1058 3257 Domini
1071 3199 1217 3258 exaltavit
1230 3220 1295 3258 me:
1318 3220 1377 3258 non

171 3283 290 3356 moriar,
304 3282 353 3340 sed
368 3281 477 3354 rivam,
493 3288 524 3339 et
537 3282 663 3339 narrabo
676 3301 765 3358 opera
778 3280 911 3339 Domini

233 3363 355 3423 Semta.

235 3443 311 3501 Haeo
323 3442 429 3514 hostin,
444 3442 581 3513 Domine,
597 3462 773 3519 quaesumus,
788 3441 929 3500 emundet
946 3447 1048 3500 nostra
1064 3442 1179 3515 delicta,
1195 3443 1278 3500 etad
1296 3443 1380 3501 saeri-

175 3525 275 3584 iioium
288 3523 493 3582 celebrandum
505 3524 693 3582 subditorum
706 3524 763 3581 tibi
777 3543 898 3602 corpora
910 3530 1083 3600 mentesque
1096 3523 1268 3583 sanctificet.
1324 3525 1381 3582 Per

178 3606 341 3665 Dominum
354 3611 498 3662 nostrum.

238 3685 387 3762 Pnrfalio.
431 3686 509 3756 Quia
522 3705 575 3763 per
588 3685 742 3743 incarnati

240 3766 424 3828 θουιυιηηίο.

239 3848 431 3907 Mirnlmntnr
443 3867 544 3907 omnes
557 3849 593 3907 de
606 3847 653 3906 his
666 3868 732 3926 qun
745 3847 942 3926 procedebant
955 3848 992 3906 de
1006 3868 1056 3906 ore
1069 3848 1136 3906 Dei

241 3940 485 4001 I'ostconnuunio.

241 4022 332 4095 Quos,
347 4021 484 4095 Domine,
499 4022 592 4082 tantis
605 4022 722 4099 largiris
736 4023 782 4081 uti
797 4022 967 4100 mysteriis3
987 4042 1163 4100 quaesumus,
1178 4030 1214 4081 ut
1233 4021 1382 4082 effectibus

180 4124 282 4166 eorum
296 4123 350 4164 nos
363 4103 507 4162 vernoitor
518 4111 620 4183 aptare
633 4103 770 4181 digneris.
813 4105 872 4163 Per
885 4104 1050 4162 Dominum
1063 4111 1207 4163 nostrum.

659 4301 758 4360 Ferre
779 4302 918 4372 Qvanrn.

243 4435 291 4493 Aa
311 4433 442 4494 Helenor
459 4432 522 4512 (tif.
540 4432 618 4509 lo).

245 4516 361 4575 Fratres
374 4536 381 4575 :
402 4513 593 4574 Considerata
606 4512 772 4592 apostolum
785 4533 876 4591 nepem
889 4515 930 4573 od
943 4513 1059 4572 firmam
1072 4518 1232 4571 teneamus.
