2886 4994
176 352 239 412 212
645 346 764 410 Coacon
786 345 905 411 Μίδεω.

230 514 367 560 Adoremus
377 512 455 559 crucis
465 511 625 570 signaculum,
655 527 681 557 er
691 511 757 570 quod
767 512 855 559 salutis
865 512 1014 572 sumpsimus
1024 517 1214 562 sacramentum

232 573 330 620 Placeat
339 571 395 628 tibi,
407 573 496 618 Sancta
505 571 621 627 Trinitas,
634 527 685 628 Kc,
697 576 818 629 utsupra.

231 633 373 679 Benedicite
384 631 534 678 Sacerdotes.

231 691 342 738 Mudate
352 691 486 736 Dominum
496 690 521 734 in
532 689 623 735 sanctis
633 690 694 747 ejus.

232 751 305 796 Nunc
316 750 423 795 dimittis
433 763 529 795 servum
540 751 619 795 tuum.
650 760 653 767 ·

232 812 291 856 Ant.
309 809 393 854 Trium
404 822 543 866 puerorum,
555 808 606 864 ica,
619 813 738 865 utsupra.

233 869 310 928 Kyrie
321 868 425 925 eleyson.
463 866 562 912 Christe
572 867 609 912 ele
626 881 676 913 son.
709 866 786 924 Kyrie
797 867 901 925 eleyson.

233 929 307 974 Pater
316 930 405 973 noster.
438 926 471 972 Et
480 940 511 971 ne
522 940 565 971 nos
575 925 600 971 in
619 941 676 972 uous
686 926 713 972 in
722 927 892 972 tentationem.
924 926 972 973 Sed
981 927 1065 974 libera

232 987 408 1034 Benedicamus
418 986 516 1031 Patrem
527 988 552 1031 et
562 985 653 1031 Filium
664 1000 719 1030 cum
730 989 815 1030 sancto
823 986 923 1044 Spiritu.

232 1046 371 1092 Laudemus
382 1049 407 1091 et
418 1044 627 1102 superexaltemus
637 1059 693 1090 eum
703 1044 729 1089 in
740 1044 835 1090 saecula.
881 1057 884 1065 ·

232 1105 381 1152 Benedictus
391 1119 424 1159 es,
437 1104 548 1157 Domine,
561 1103 587 1148 in
598 1104 751 1149 firmamento
761 1103 827 1150 caeli:

233 1165 267 1211 Et
276 1162 406 1210 laudabilis
416 1166 442 1210 et
451 1162 570 1220 gloriosus
579 1162 606 1208 in
617 1162 710 1208 saecula.

233 1223 367 1270 Benedicat
376 1226 402 1269 et
412 1221 534 1268 custodiat
544 1236 587 1267 nos
597 1222 705 1267 Trinitas
715 1222 818 1268 Sancta:
835 1222 922 1268 Amen.

232 1283 290 1329 Non
299 1282 376 1328 intres
382 1282 410 1327 'in
421 1281 542 1339 judicium
552 1295 608 1326 oum
618 1296 687 1327 servo
697 1283 750 1337 tuo,
762 1282 874 1336 Domine,

232 1342 296 1399 Quia
306 1356 354 1387 non
364 1339 540 1399 justificabitur
550 1340 575 1386 in
586 1342 717 1398 conspectu
728 1341 773 1386 tuo
783 1340 862 1386 omnis
871 1341 964 1387 vivens.

232 1401 336 1447 Domine
346 1401 414 1447 Deus
424 1400 549 1455 viitutem,
563 1404 675 1445 converte
686 1412 743 1453 nos;

231 1461 264 1506 Et
274 1461 375 1506 ostende
384 1459 472 1505 faciem
482 1461 552 1505 tuam
563 1460 588 1504 et
598 1459 660 1504 salvi
670 1458 768 1504 erimus.

231 1520 343 1576 Domine,
356 1519 445 1564 exaudi
455 1519 590 1564 orationem
600 1532 687 1566 meam.

232 1580 265 1624 Et
275 1578 366 1624 clamor
375 1593 444 1624 meus
454 1577 486 1623 ad
496 1580 521 1624 te
532 1576 622 1624 veniat.

232 1637 352 1684 Dominus
362 1637 494 1683 vobiscum.

232 1697 266 1742 Et
276 1712 332 1743 cum
342 1697 432 1755 spiritu
442 1698 493 1742 tuo.

232 1757 342 1802 Oremus.

232 1816 306 1871 Deus,
318 1815 361 1874 qui
371 1815 451 1861 tribus
460 1813 542 1873 pueris
552 1813 671 1872 mitigasti
681 1814 790 1859 flammas
800 1813 901 1871 ignium,
911 1811 1014 1859 concede
1024 1813 1162 1872 propitius;
1177 1818 1207 1861 ut
1216 1830 1261 1862 nos
1268 1815 1366 1863 iamuios

173 1880 230 1921 tuos
240 1889 288 1921 non
299 1877 387 1920 exurat
397 1875 495 1920 flamma
504 1874 628 1920 vitiorum.

232 1935 284 1980 Uro
294 1934 349 1991 igne
356 1934 440 1980 Sancti
446 1934 552 1992 Spiritus
561 1947 631 1980 renes
641 1935 737 1978 nostros
748 1934 773 1978 et
783 1946 824 1978 cor
833 1933 952 1988 nostrum,
964 1931 1085 1991 Domine;
1099 1934 1129 1978 ut
1139 1932 1188 1980 tibi
1197 1935 1265 1982 casto
1275 1948 1366 1994 corpore

173 1993 306 2040 serviamus
317 1995 343 2039 ot
353 1992 445 2039 mundo
455 1993 526 2038 corde
537 1991 681 2050 placeamus.

233 2052 349 2098 Actiones
359 2055 461 2108 nostras,
474 2066 620 2110 quaesumus,
633 2051 744 2105 Domine,
756 2050 885 2108 aspirando
894 2049 1001 2109 praeveni
1016 2052 1042 2097 et
1056 2050 1197 2108 adiuvando
1211 2067 1367 2112 prosequere;

174 2114 203 2216 pp
213 2115 302 2180 cuncta
311 2113 394 2216 nostpa
404 2111 517 2215 ορθτιιὲἰῐεῐ)1
522 2113 549 2156 et
559 2126 573 2156 a
583 2112 609 2156 te
619 2124 714 2169 semper
723 2111 832 2169 incipiat,
845 2112 871 2156 et
880 2124 924 2169 per
932 2113 958 2156 te
969 2112 1048 2169 coepta
1058 2110 1166 2158 finiatur.
1188 2112 1237 2159 Per
1246 2112 1366 2159 Chiistum

200 2185 308 2216 ominum
319 2184 362 2216 nos
376 2184 437 2216 rum.
518 2183 556 2215 en.
