2918 4986
364 396 365 399 ¹
400 374 1045 462 11011.11110110011011Ρ1110000101
1256 379 1320 444 229

180 538 230 598 Ad
243 538 392 599 Bounomos
404 541 483 618 (eiii.
502 541 619 621 12-17)

181 620 322 679 Fratres:
347 622 505 680 Debitores
524 643 626 682 sumus
640 643 702 682 non
715 625 806 694 carni,
821 629 856 681 ut
874 625 1036 683 secundum
1054 643 1171 682 carnem
1185 623 1322 682 vivamus

122 703 399 842 mqfflaliemdes
413 704 532 782 quidem
547 705 613 776 Dei,
628 705 782 763 coheredes
794 712 896 764 autem
910 706 1029 764 Christi.

180 864 256 1002 {isto
269 865 344 922 mihi
361 865 395 922 in
412 866 511 924 Deum
533 871 748 943 protectorem:
777 873 808 924 01
829 866 863 923 in
884 867 1005 926 domum
1022 838 1138 946 refugii,
1153 873 1189 925 ut
1206 866 1321 925 salvum

123 964 170 1003 me
195 964 280 1003 acras.

128 1025 158 1086 V.
183 1025 275 1098 Deus,
290 1026 323 1083 in
335 1032 367 1084 te
380 1028 506 1104 speravi,
520 1027 650 1085 Domine
663 1049 669 1086 :
690 1047 751 1086 non
765 1028 928 1086 confundar
941 1029 975 1085 in
988 1034 1140 1087 aeternum.

181 1107 331 1183 Alleluya.
380 1108 410 1166 V.
433 1108 562 1185 Magnus
576 1109 732 1180 Dominus,
744 1115 775 1168 et
787 1109 945 1187 laudabilis
958 1110 1061 1168 valde:
1083 1110 1116 1168 in
1129 1109 1251 1168 civitate
1266 1108 1324 1167 Dei
1385 1142 1388 1148 ·

124 1188 226 1261 nostri,
242 1189 275 1245 in
288 1194 389 1246 monte
403 1195 503 1247 sancto
517 1190 588 1266 ejus.
1053 1234 1057 1241 .

183 1267 351 1328 Secundum
364 1269 540 1328 Mattiacorum
556 1270 573 1347 (
573 1271 623 1328 vii.
642 1270 759 1349 15-21).

184 1348 224 1407 In
246 1350 299 1407 illo
326 1357 468 1427 tempore,
495 1351 585 1408 Dixit
608 1351 630 1409 J
632 1371 697 1409 esus
719 1351 871 1429 discipulis
895 1351 955 1409 suis
968 1370 977 1424 3
1018 1351 1179 1410 Attendite
1202 1371 1221 1409 a
1243 1351 1327 1409 salsis

124 1431 274 1508 prophetis
287 1451 378 1507 usque
391 1433 432 1490 ad
445 1432 496 1490 sed
509 1433 561 1509 qui
574 1433 646 1491 facit
662 1432 848 1491 voluntatem
862 1433 962 1491 Patris
975 1433 1043 1505 11101,
1058 1433 1111 1509 qui
1128 1433 1161 1489 in
1179 1432 1257 1490 caelis
1270 1438 1325 1506 est,

125 1512 187 1589 ipse
199 1512 327 1570 intrabit
340 1512 374 1569 in
387 1532 512 1592 regnum
525 1513 670 1572 caelorum.

187 1592 380 1667 Offcrtorium.

185 1673 334 1750 Populum
356 1674 499 1732 humilem
523 1675 637 1734 salvum
657 1675 753 1748 facies,
775 1675 903 1733 Domine
918 1697 924 1733 ι
956 1681 987 1734 01
1010 1674 1108 1734 oculos
1131 1674 1325 1752 superborum

126 1754 305 1826 humiliabis,
320 1756 461 1832 qnoniam
474 1756 540 1833 quis
555 1756 637 1815 Deus
650 1762 758 1833 praeter
770 1762 810 1829 te,
826 1757 955 1815 Domine
966 1758 977 1814 l

184 1835 306 1895 Secreto.

186 1917 277 1987 Deus,
292 1917 345 1993 qui
358 1917 496 1995 legalium
509 1918 708 1976 differentiam
721 1918 885 1975 hostiarum
898 1917 987 1975 unius
1000 1917 1136 1976 sacrificii
1148 1916 1328 1994 perfectione

127 1998 253 2056 sanxisti
261 2018 271 2071 ;
293 1999 392 2074 accipe
410 1999 585 2057 sacrificium
601 2019 619 2057 1
637 1999 750 2057 devotis
767 1999 825 2057 tibi
846 1999 973 2073 famulis,
989 2004 1020 2057 et
1041 1999 1107 2075 pari
1124 1997 1328 2057 benedictione

128 2077 203 2136 sicut
217 2099 341 2137 munera
354 2080 435 2138 Abel
448 2081 619 2153 sanctifica3
640 2086 675 2137 ut
689 2080 767 2156 quod
781 2080 891 2158 singuli
909 2079 1084 2139 obtulerunt
1104 2079 1142 2138 ad
1163 2078 1329 2155 majestatis

129 2164 187 2217 ture
200 2159 351 2231 honorem,
366 2161 480 2218 cunetis
492 2161 627 2238 proficiat
641 2161 825 2220 adsalutem.
869 2161 935 2220 Per.

188 2238 367 2300 Communia

189 2321 324 2393 Gustate,
346 2328 376 2380 et
400 2322 500 2381 videte
520 2323 660 2399 quoniam
684 2324 783 2382 suavis
806 2330 851 2382 est
874 2322 1042 2382 Dominus:
1069 2324 1174 2382 heatus
1196 2322 1253 2397 vir,
1278 2318 1331 2399 qni

132 2409 229 2478 sperat
241 2402 274 2459 in
288 2422 330 2460 eo.

189 2483 430 2542 Postcommuuio.

191 2564 255 2622 Tua
275 2584 336 2634 nos,
352 2564 488 2637 Domine,
511 2564 696 2624 medicinalis
716 2565 856 2642 operatio,
876 2571 907 2622 et
924 2585 943 2623 1
960 2565 1070 2623 nostris
1090 2563 1333 2641 perversitatibus

133 2643 290 2703 clementer
303 2646 450 2722 expediat,
464 2652 496 2704 et
508 2647 547 2705 ad
560 2666 595 2705 ea
608 2666 673 2723 quse
688 2651 769 2704 recta
782 2651 853 2703 sunt
870 2645 1019 2722 perducat
1063 2645 1128 2704 Per.

601 2800 702 2860 anm
723 2802 861 2871 Quium.

192 2905 243 2965 Aa
256 2905 459 2984 1111111.
477 2907 576 2985 8-11).

192 2987 332 3046 Fratres:
358 2987 504 3056 Quoniam
522 3007 589 3044 cum
608 2987 704 3045 adhuc
725 2993 889 3063 peccatores
907 3006 1035 3045 essemus
1057 3006 1148 3061 usque
1169 2987 1210 3045 ad
1233 2985 1337 3046 sedet

134 3067 294 3144 gloriamur
306 3069 340 3125 in
354 3068 427 3138 Deo,
442 3069 501 3126 Per
513 3068 535 3126 J
537 3088 620 3126 esum
634 3068 787 3126 Christum
803 3068 967 3126 Dominum
981 3073 1125 3126 nostrum.

193 3149 361 3208 Secundum
374 3149 513 3207 Murcum
526 3149 582 3226 (is.
600 3148 716 3227 37-47)

194 3230 234 3287 In
246 3230 299 3288 illo
313 3236 453 3307 tempore,
469 3230 621 3288 Dixerunt
634 3229 773 3306 discipuli
787 3226 821 3309 [J
823 3227 977 3310 ohannisl]
991 3229 1031 3289 ad
1044 3230 1066 3288 J
1066 3249 1148 3288 esum
1160 3250 1166 3287 :
1183 3227 1336 3307 Magister,

136 3310 263 3369 vidimus
277 3311 425 3387 quendam
438 3312 471 3368 in
484 3311 604 3370 nominc
617 3318 670 3368 tuo
683 3331 774 3386 usque
788 3312 829 3368 od
843 3317 874 3368 et
887 3311 964 3390 ignis
977 3331 1039 3370 non
1052 3310 1247 3388 extinguitur.

618 3466 719 3524 Fsam
741 3466 849 3525 Snxru.

196 3587 246 3645 Ad
260 3585 428 3646 0011111101
440 3586 475 3664 (l
498 3588 518 3647 1.
534 3587 653 3665 26-31).

197 3667 336 3726 Fratres:
366 3668 479 3727 Videte
497 3669 684 3726 vocationem
711 3674 841 3727 vestram
864 3689 955 3744 usque
978 3669 1019 3727 ad
1047 3667 1108 3740 Qui
1134 3667 1280 3746 glorietur
1306 3667 1340 3726 in

138 3747 268 3807 Domino
281 3748 433 3825 glorietur.

197 3829 365 3888 Secundum
378 3830 554 3887 1111111111
567 3830 666 3907 (ccciii.
686 3829 800 3908 13-23).

198 3911 236 3968 In
263 3911 316 3968 illo
342 3916 483 3988 tempore,
512 3911 602 3968 Dixit
632 3911 653 3968 J
655 3931 720 3969 esus
754 3911 851 3968 turbis
883 3910 1059 3968 Judaeorum
1092 3917 1123 3969 et
1156 3910 1340 3988 principibus

136 3992 342 4065 sacerdotum3
375 3993 432 4050 Vae
458 3991 544 4050 nobis
570 4012 661 4068 usque
688 3993 730 4050 ad
757 3991 832 4050 Haec
860 3992 993 4069 oportuit
1019 3992 1123 4066 facere,
1145 3999 1177 4050 01
1199 3992 1252 4048 illa
1278 4008 1339 4047 non

136 4073 282 4132 omittere.

352 4203 512 4260 Domuum
533 4203 628 4262 Nous
649 4218 721 4261 rosr
742 4202 882 4261 0011110
904 4203 1123 4262 Pnurncosrss.

201 4308 342 4384 Officium.

199 4391 277 4448 Ecce
305 4390 388 4448 Deus
414 4390 538 4466 adjuvat
563 4411 620 4465 mc,
646 4396 677 4448 et
704 4390 851 4448 Dominus
879 4395 1030 4466 susceptor
1056 4395 1101 4447 est
1127 4387 1233 4446 animae
1260 4406 1342 4462 meae,

601 4519 615 4543 '²
632 4518 673 4564 Sic
683 4518 744 4565 Edd.
754 4519 802 4564 and
812 4518 886 4565 MSS.
