2886 4994
145 388 186 453 56
314 384 417 452 Faria
429 384 472 450 οι.
491 370 656 466 Quattuor
671 385 875 492 Temperare
892 385 1171 472 Quadrupesimoe.

205 551 345 628 Epistola.
387 552 482 610 Lectio
495 551 650 610 Ezeclar'elia
663 552 814 628 Prophetae
833 553 932 631 (aaran
950 554 1023 632 19)

205 632 244 690 In
265 633 368 690 diebus
388 633 455 705 illis,
471 632 579 690 Factus
599 639 644 690 est
664 653 759 690 sermo
780 633 904 691 Domini
926 635 964 691 ad
983 654 1039 706 me,
1062 634 1181 692 dicens·
1172 636 1280 711 ,quid
1304 644 1351 694 est

144 713 251 790 qucd'
242 719 288 770 ιιιι
289 732 321 770 er
340 733 393 771 vos
412 678 487 772 ha'nc
508 712 676 789 parabolam
696 715 843 772 vertitis
833 735 866 772 m
886 715 1076 791 proverbium
1103 679 1215 773 istud
1206 736 1240 773 ιιι
1267 723 1351 775 terra

145 793 238 852 Israel
251 815 340 870 araque
354 796 394 852 ad
413 795 461 852 hic
476 795 577 871 justus
590 800 642 868 est,
659 801 690 852 et
702 795 767 853 vita
779 795 871 869 vivet,
886 797 931 854 ait
944 796 1092 854 Dominus
1105 799 1303 874 omnipotens

207 874 340 934 Gradale.

205 954 327 1013 Custodi
347 976 402 1028 me,
417 956 552 1028 Domine,
566 961 602 1014 ut
621 956 766 1034 pupillam
786 958 880 1014 oculi:
902 958 958 1015 sub
972 958 1078 1015 umbra
1091 958 1206 1016 alarum
1225 965 1348 1017 tuarum

165 1042 227 1094 rote
247 1056 330 1095 ema.

144 1055 179 1175 Il'.
206 1055 252 1175 Dge
261 1118 348 1176 vultu
361 1124 414 1176 tuo
424 1118 571 1194 judicium
584 1137 683 1175 mcum
697 1119 838 1194 prodeat:
859 1073 938 1177 oculi
951 1119 998 1176 tui
1011 1119 1134 1177 videant
1148 1121 1332 1196 aequitatem.

203 1197 370 1257 Secuaulum
382 1198 548 1257 Joddnnem
568 1199 646 1275 (ιιιι
663 1200 712 1256 3l-
714 1200 777 1278 47)

203 1278 243 1337 In
257 1279 308 1338 illo
322 1288 461 1357 tempore,
477 1280 604 1338 Dicebat
613 1281 634 1338 J
637 1300 702 1338 esus
715 1281 753 1338 ad
766 1300 823 1350 eos,
839 1301 892 1358 qu1
882 1280 1132 1339 ’'crediderunt
1107 1302 1143 1353 er,
1159 1302 1197 1339 ex
1211 1282 1233 1341 J
1235 1283 1329 1341 udaers
1341 1329 1348 1353 ,

144 1358 177 1417 Si
190 1380 242 1418 vos
261 1361 428 1420 manseritis
447 1361 480 1418 in
500 1380 632 1419 sermone
653 1381 718 1420 meo
738 1382 829 1437 eaque
848 1363 889 1419 ad
907 1362 968 1432 Qui
981 1370 1027 1420 est
1039 1382 1077 1419 ex
1093 1363 1167 1435 Deo,
1183 1364 1275 1421 verba
1288 1365 1348 1422 Dei

143 1441 235 1500 audit.

207 1520 399 1596 Ofirtoriam.

203 1603 347 1663 Immittit
364 1603 485 1681 angelus
499 1603 623 1661 Domini
642 1604 674 1661 in
687 1604 813 1662 circuitu
831 1604 1005 1662 timentium
1018 1624 1096 1678 eum,
1111 1611 1142 1662 et
1156 1605 1265 1682 eripiet
1279 1626 1348 1664 eos:

144 1689 260 1761 gustate
273 1690 304 1744 et
316 1685 415 1744 videte
429 1685 569 1762 quoniam
581 1687 681 1744 suavis
695 1693 740 1743 est
754 1686 908 1743 Dominus.

201 1766 321 1826 Secreto.

202 1846 341 1920 Concede,
364 1864 538 1922 quaesumus,
561 1846 747 1922 omnipotens
774 1849 865 1920 Deus,
894 1853 929 1905 ut
956 1847 1045 1924 hujus
1073 1848 1210 1906 sacrificii
1237 1869 1348 1907 munus

141 1926 274 1985 oblatum
292 1927 484 2004 fragilitatem
503 1932 635 1983 nostram
654 1928 693 1984 ab
710 1929 792 1985 omni
811 1929 891 1986 malo
912 1934 1018 2006 purget
1034 1947 1148 2005 semper
1167 1935 1199 1986 et
1218 1930 1346 1988 muniat.

142 2007 200 2066 Per
214 2007 384 2065 Dominum.

203 2086 385 2147 commemo.

201 2166 292 2226 Panis
306 2188 394 2245 quem
408 2187 461 2262 ego
474 2167 598 2225 dedero:
618 2188 685 2226 caro
699 2190 766 2228 mea
778 2177 823 2228 est
836 2190 890 2248 pro
903 2171 1003 2229 saeculi
1015 2170 1088 2229 rita.

201 2248 272 2307 Post
261 2249 442 2308 tomentacia.

201 2328 333 2388 Tucrum
356 2348 419 2403 nos,
443 2329 581 2402 Domine,
605 2330 713 2407 largit
695 2338 743 2390 ate
714 2333 921 2406 t,donorum
946 2339 978 2391 et
1000 2332 1216 2411 temporalibus
1239 2335 1347 2403 attolle

140 2409 290 2487 praesidiis,
306 2417 337 2469 et
350 2429 460 2468 renova
473 2374 666 2488 sempiternis.
709 2413 768 2470 Per
781 2378 953 2507 Dominuin.

200 2490 295 2568 Super
308 2490 465 2567 Popularia.

198 2573 322 2646 Αιιιιιο,
350 2592 527 2649 quaesumus,
552 2572 689 2641 Domine,
720 2575 796 2631 iram
822 2581 907 2633 tuam
939 2575 1118 2653 propitiatus
1144 2597 1163 2634 a
1189 2578 1285 2651 nobis,
1314 2584 1347 2636 et

139 2652 269 2712 facinora
291 2660 392 2713 nostra
414 2653 522 2731 quibus
545 2653 780 2731 indignationem
801 2661 885 2713 tuam
905 2677 1099 2735 provocamus
1119 2658 1242 2735 expelle.
1287 2658 1348 2717 Per

141 2735 311 2795 Dominum.

430 2880 529 2940 Faam
549 2880 651 2940 Saxas
672 2881 840 2951 Quamaoa
861 2881 1044 2942 Temenum

199 3023 249 3083 Ad
262 3024 394 3082 Missam.
438 3019 577 3096 Officium.

199 3106 247 3165 De
259 3103 484 3164 necessitatibus
504 3104 577 3161 meis
597 3101 678 3178 eripe
697 3121 754 3176 me,
769 3102 898 3159 Domine
907 3121 916 3173 3
936 3100 1004 3159 vids
1024 3101 1227 3160 humilitatem
1247 3123 1345 3161 meam

139 3191 170 3245 ot
182 3186 313 3298 lalporem
325 3204 443 3243 meum:
463 3190 494 3241 et
507 3185 626 3242 dimitte
640 3185 740 3241 omnia
752 3189 872 3260 peccata
885 3202 957 3241 mea

199 3267 457 3420 ilidiidiullomine,
471 3345 568 3403 levavi
581 3345 711 3402 animam
725 3365 838 3403 meam:
860 3345 942 3403 Deus
956 3363 1038 3403 meus
1051 3344 1085 3400 in
1098 3350 1130 3402 te
1143 3345 1268 3420 confido,
1283 3365 1344 3403 non

141 3429 316 3487 erubescam.

203 3508 312 3568 Oret-io.

201 3589 282 3660 Este,
297 3589 433 3660 Domine,
447 3587 593 3665 propitius
612 3587 691 3663 plebi
711 3593 780 3660 tuae,
795 3594 826 3645 et
847 3607 936 3663 quam
955 3587 1013 3644 tibi
1030 3586 1101 3644 facis
1120 3607 1182 3645 esse
1196 3588 1344 3661 devotam,

141 3670 269 3749 benigno
288 3668 388 3728 refove
407 3670 563 3727 miseratus
583 3668 704 3725 auxilio.
755 3670 814 3726 Per
836 3669 1007 3726 Dominum.

202 3767 296 3826 Lectio
310 3766 464 3825 Ezechielis
477 3765 627 3842 Prophetae
648 3765 745 3840 (aa-iii.
763 3765 878 3843 20-28).

202 3849 277 3907 Haec
298 3849 370 3906 dicit
391 3848 537 3905 Dominus
557 3848 657 3904 Deus:
677 3848 799 3918 Anima,
815 3866 880 3922 quae
901 3847 1075 3922 peccaverit,
1096 3845 1162 3922 ipsa
1181 3848 1344 3907 morietur:

142 3950 232 4009 acapna
246 3930 286 3987 od
300 3929 362 3987 vita
376 3929 457 3987 rivet
471 3935 501 3987 et
513 3948 575 3986 non
587 3929 738 4001 morietur,
754 3928 827 3985 dicit
840 3927 988 3984 Dominus
1001 3928 1196 4003 omnipotens.

203 4010 384 4151 ggltpgpllp.fac
397 4111 515 4149 servum
528 4096 632 4148 tuum:
653 4090 735 4147 Deus
748 4109 839 4161 meus,
854 4094 1022 4165 sperantem
1034 4089 1067 4146 in
1080 4093 1118 4146 te

149 4175 177 4234 l'.
204 4174 338 4232 Auribus
351 4173 476 4250 percipe,
490 4172 626 4244 Domine,
642 4171 806 4228 orationem
819 4189 922 4227 meam.

202 4268 318 4329 Secund
320 4289 369 4325 ιιιιι
383 4265 435 4328 Jol
431 4287 547 4324 ιιιιιιιοιιι
567 4265 608 4342 (z.
595 4265 655 4322 l
657 4265 720 4342 15).

203 4351 243 4408 In
256 4349 308 4407 illo
321 4355 462 4426 tempo1e,
477 4347 551 4405 Ειιιι
564 4347 625 4403 dies
638 4346 732 4403 festus
744 4345 767 4404 J
768 4345 928 4416 udaeorum
943 4350 974 4402 et
987 4344 1118 4402 ascendit
1131 4344 1154 4403 J
1155 4364 1221 4403 esus
1236 4347 1345 4407 Hiero-

144 4432 285 4510 solymam
299 4452 328 4489 ιι
323 4451 388 4507 aqna
402 4431 442 4487 nd
455 4428 544 4487 Abiit
557 4427 607 4486 ille
620 4427 716 4501 home,
732 4433 763 4485 et
776 4426 930 4484 nunciavit
942 4426 965 4485 J
965 4425 1057 4483 udaeis
1070 4425 1141 4501 quia
1153 4425 1176 4484 J
1177 4446 1246 4486 esus
1260 4436 1343 4503 esset,

146 4532 197 4589 qur
188 4512 280 4572 'lecit
292 4532 359 4571 eum
373 4530 484 4570 sanum.
