2918 4986
159 406 160 409 ,
234 341 374 443 dabbato
391 341 556 423 Quonuor
572 343 774 429 Temperiem
790 341 1067 427 Quadruycsimcc.
1215 344 1255 407 59

49 507 131 581 bilis,
145 514 176 566 et
190 509 426 585 superexaltatus
439 510 471 567 in
485 510 597 567 saecula.
641 510 819 568 Benedictus
833 529 863 567 es
878 510 931 585 qui
948 510 1074 566 intueris
1093 510 1211 585 abyssos
1225 516 1255 567 et

53 589 138 648 sedes
151 609 239 666 super
252 590 421 663 Cherubim
441 597 472 648 et
485 591 727 667 superlaudabilis
742 598 772 648 et
786 591 1022 668 superexaltatus
1035 591 1069 647 in
1082 590 1194 648 saecula.

115 668 142 726 Α
158 671 270 728 duobus
283 672 449 729 curatoribus
465 671 615 729 Tractus*

116 751 294 809 Benedictus
308 772 338 809 es
351 754 384 808 in
397 754 583 809 firmamento
597 752 659 810 caeli
665 772 673 824 ;
688 758 719 809 et
728 752 884 810 laudabilis
898 758 929 810 εὴ
941 751 1083 829 gloriosus
1096 752 1130 809 in
1144 751 1256 810 saeouls.

116 830 231 889 olom
251 833 437 890 Benedictus.

59 911 90 969 V.
116 911 288 970 Benedicite
309 914 407 970 omnia
428 933 515 989 opera
530 914 653 971 Domini
667 914 815 972 Domino:
840 914 1003 972 benedicite
1024 914 1088 972 oaeli
1108 913 1257 973 Domino:

55 992 220 1051 benedicite
234 994 345 1070 Angeli
359 995 482 1051 Domini
496 995 633 1052 Domino.

119 1072 240 1132 Chorus.

118 1154 275 1231 Hymnum
289 1155 387 1226 dicite,
401 1161 432 1217 et
445 1155 662 1232 superexaltate
677 1176 745 1213 eum
758 1157 791 1213 in
805 1157 917 1213 saecula.

62 1234 92 1291 V.
118 1235 289 1292 Benedicite
309 1256 392 1312 aquae
413 1257 478 1312 quae
500 1256 587 1313 super
606 1237 691 1294 caelos
711 1243 782 1294 sunt
802 1237 931 1294 Domino
941 1257 950 1308 ;
970 1236 1134 1295 benedicite
1154 1255 1257 1294 omnes

55 1314 152 1373 virtut
140 1324 184 1374 tes
198 1317 320 1373 Domini
334 1317 484 1391 Dcmiuo;
504 1317 668 1375 benedicite
682 1318 725 1375 sol
741 1324 772 1375 et
785 1316 857 1374 luna
871 1318 1009 1374 Domino

119 1395 277 1472 Hymnum
291 1398 386 1455 dicite.

62 1477 93 1536 V.
118 1476 290 1535 Benedicite
313 1479 404 1535 stellae
429 1478 492 1535 caeli
513 1479 661 1551 Domin03
684 1478 848 1537 benedicite
868 1477 964 1536 imber
984 1484 1015 1536 et
1035 1498 1083 1536 ros
1104 1479 1256 1550 Domino·

58 1558 223 1616 benedicite
236 1560 331 1615 omnis
345 1559 465 1635 spiritus
480 1559 538 1617 Dei
552 1523 689 1617 Domirio

120 1639 277 1714 Hymnum
292 1640 388 1697 dicite.

63 1718 92 1778 V.
118 1717 311 1778 Benedicite'
303 1721 409 1796 ignise
411 1726 525 1778 aestus
536 1721 683 1794 Domino,
704 1719 867 1779 benedicite
881 1726 980 1778 noctes
994 1725 1024 1778 et
1038 1719 1259 1791 diesDcmino;

10 1796 19 1815 ’
57 1800 221 1858 benedicite
234 1802 362 1870 tenebrae
377 1808 407 1858 et
421 1802 523 1858 lumen
537 1802 674 1859 Domino.

121 1880 279 1957 Hymnum
293 1881 389 1940 dicite.

64 1961 92 2018 V.
120 1960 290 2020 Benedicite
316 1962 408 2038 frigus
436 1969 466 2020 et
493 1982 597 2020 cauma
620 1963 750 2021 Domino
761 1983 770 2034 ;
801 1963 964 2021 benedicite
990 1964 1098 2039 pruina
1121 1969 1152 2020 et
1175 1963 1259 2020 nives

59 2042 206 2113 Dominb;
226 2043 389 2101 benedicite
402 2043 520 2120 fulgure
533 2049 564 2102 et
576 2045 669 2102 nubes
684 2044 820 2101 Domino.

120 2123 278 2198 Hymnum
292 2124 388 2182 dieite.
447 2162 453 2174 ·

63 2203 91 2262 V.
119 2204 281 2261 Benedicat
293 2211 372 2262 terra
382 2205 511 2262 Domino
522 2225 531 2277 3
553 2205 717 2263 benedicite
732 2211 847 2263 montes
861 2213 892 2263 et
906 2206 993 2263 colles
1004 2206 1152 2278 Domin0;
1172 2205 1259 2262 bene-

59 2283 146 2342 dicite
160 2285 259 2342 omnia
272 2286 421 2344 nascentia
434 2292 520 2343 terrae
535 2286 677 2344 Domine.

122 2365 280 2440 Hymnum
295 2366 390 2424 dicite.

65 2445 92 2503 V.
118 2445 289 2505 Benedicite
312 2448 406 2504 maria
429 2454 459 2506 et
483 2447 606 2504 flumina
630 2449 778 2520 Domino;
805 2448 969 2506 benedicite
992 2448 1089 2506 fontes
1110 2447 1239 2505 Domino
1250 2466 1258 2519 ;

60 2526 222 2585 benedicite
235 2533 298 2585 cete
312 2535 342 2585 et
356 2529 455 2586 omnia
468 2548 534 2605 quae
547 2536 705 2587 moventur
718 2529 751 2584 in
764 2529 848 2604 aquis
863 2530 1000 2588 Domine.

120 2607 279 2683 Hymnum
292 2609 387 2666 dicite.

66 2687 92 2744 V.
117 2688 288 2746 Benedicite
314 2690 448 2747 volueres
475 2690 538 2748 caeli
565 2690 694 2747 Domino
705 2711 713 2762 ;
744 2689 907 2748 benedicite
931 2691 1032 2748 bestiae
1060 2695 1091 2747 et
1118 2689 1256 2746 universa

61 2786 163 2843 pecora
176 2770 305 2836 Domino
317 2791 324 2840 3
345 2770 509 2828 benedicite
522 2770 578 2827 filii
590 2771 745 2828 hominum
759 2771 895 2828 Domine.

122 2849 280 2926 Hymnum
294 2851 390 2908 dicite.

68 2929 94 2986 V.
119 2931 280 2988 Benedicat
299 2932 393 2989 Israel
413 2932 542 2989 Domino
553 2953 561 3004 ;
589 2930 752 2989 benedicite
775 2932 937 2990 sacerdotes
962 2931 1085 2989 Domini
1109 2931 1238 2988 Domino
1249 2949 1258 3001 3

62 3009 223 3069 benedicite
237 3013 314 3069 servi
328 3013 452 3069 Domini
465 3014 602 3070 Domino

121 3091 279 3168 Hymnum
293 3093 389 3151 dicite.

69 3171 94 3230 V.
120 3173 291 3231 Benedicite
304 3174 476 3250 spirituset
492 3174 597 3268 animae
614 3175 765 3250 justorum
779 3174 925 3245 Domino;
945 3173 1109 3231 benedicite
1123 3172 1218 3230 sancti
1231 3179 1264 3229 et

63 3251 187 3311 humiles
200 3254 286 3311 corde
300 3255 436 3313 Domino.

121 3333 280 3410 Hymnum
293 3336 389 3393 dicite.

67 3412 94 3471 V.
120 3414 291 3472 Benedicite
305 3415 433 3488 Ananis,
449 3416 565 3490 Azaria,
581 3417 686 3475 Misael
700 3417 837 3474 Domino.

120 3495 281 3572 Hymnum
294 3496 390 3555 dicite.

119 3574 278 3652 Repetotar
285 3578 405 3654 primae
424 3578 534 3638 Versus.

120 3655 300 3715 Benedictus
314 3678 344 3716 es
357 3659 390 3716 in
403 3659 595 3717 firmamento,

121 3736 222 3796 Finito
234 3759 298 3796 vero
315 3739 424 3798 Tracta
437 3749 615 3798 removeatur
634 3740 732 3799 Velum
742 3765 751 3799 :
771 3760 822 3798 neo
834 3740 941 3797 iterum
954 3749 1123 3816 apponetur
1136 3741 1262 3797 durante

62 3817 162 3876 Misso.
206 3818 355 3877 Memoria
372 3827 432 3878 nort
442 3823 524 3894 fiant
538 3830 606 3896 post
625 3820 778 3879 Collectcmc
799 3821 881 3878 Deus
901 3821 953 3898 qui
973 3820 1077 3893 tribus
1092 3821 1196 3879 scilibet
1212 3821 1266 3878 ubi

54 3901 136 3972 ficret
151 3899 276 3959 Ordines
282 3922 295 3970 ,·
316 3901 387 3959 aliti
400 3910 497 3959 autem
509 3904 590 3975 fiunt
603 3902 753 3973 rtenwriae,
765 3903 840 3959 meat
853 3902 886 3958 irc
900 3902 969 3959 aliis
981 3901 1114 3960 Sabbatis
1130 3901 1263 3972 Quaclru

58 3979 192 4054 geriem
222 4001 273 4039 nec
293 3982 410 4039 dicatur
430 3981 596 4039 Flectamus
616 4002 713 4059 genua
733 3983 773 4039 cd
799 3981 882 4040 illurn
901 3981 1062 4053 collectam,
1088 4003 1138 4040 nec
1162 3982 1262 4041 Oratio

60 4079 146 4136 somer
163 4061 317 4138 populum.
370 4061 455 4121 Idem
475 4064 545 4120 crdo
565 4072 690 4121 servetur
714 4064 754 4120 ad
778 4063 927 4135 Sitientes‚
953 4064 1004 4122 ubi
1029 4063 1153 4121 Ordines
1168 4065 1259 4136 fiunt.

61 4139 199 4217 Sequitur
212 4143 360 4200 Dominus
373 4144 531 4202 vobiscum.
575 4144 719 4202 Oremus:
741 4144 802 4202 sine
816 4143 984 4202 Flectamus
998 4164 1100 4220 genua.

124 4222 239 4282 Orutrb.
848 4266 851 4273 .

120 4303 211 4377 Deus,
227 4304 280 4381 qui
292 4304 389 4362 tribus
401 4305 500 4381 pueris
513 4305 658 4382 mitigasti
670 4305 802 4362 flammas
821 4305 944 4382 ignium,
959 4305 1083 4362 concede
1103 4303 1259 4380 propitius,

61 4391 97 4442 ut
109 4403 162 4445 nos
175 4385 300 4444 famulos
314 4391 381 4443 tuos
394 4405 455 4444 non
468 4392 575 4444 exurat
588 4386 707 4443 flamma
719 4387 869 4444 vitiorum.
918 4386 977 4443 Per
990 4385 1160 4443 Dominum.

555 4487 721 4534 rons-rus.
732 4488 763 4533 u.
