2886 4994
117 366 179 429 236
386 363 480 426 Dour.
502 361 566 425 rin
585 368 662 445 post
683 360 821 427 Octavus
841 360 1053 427 Pentecostes.

247 554 410 613 Doursrcs
430 553 556 610 Drcmn
576 568 699 620 ouasra
720 568 793 609 rosr
812 551 956 609 Oc'mvns
977 551 1206 612 Prsrncosrss„
1246 599 1253 616 ,

179 661 333 799 gibctbdieir
352 747 460 809 noster,
476 739 580 814 aspice,
596 737 688 807 Deus,
702 745 733 795 et
747 739 858 814 respice
870 739 904 796 in
917 739 1025 797 faciem
1039 739 1159 798 Christi
1171 742 1238 799 tui:
1257 741 1315 818 quia

118 823 222 879 melior
235 829 280 878 est
293 821 355 877 dies
368 840 428 876 una
441 821 473 875 in
487 820 572 875 atriis
586 820 646 875 tuis
659 839 747 893 super
760 820 863 877 millia

179 902 408 1052 gbbiiimdilecta
434 979 626 1036 tabernacula
652 986 712 1052 tua,
735 979 865 1038 Domine
886 982 1055 1040 virtutum:
1087 983 1270 1061 concupiscit
1290 988 1314 1040 et

118 1064 218 1121 deficit
232 1063 331 1156 anima
345 1082 409 1118 mea
423 1062 456 1117 in
469 1062 545 1118 atria
560 1059 690 1117 Domini.

181 1145 376 1300 gffibotem
389 1222 566 1298 sempiterne
577 1223 668 1293 Deus,
679 1222 718 1278 da
728 1222 813 1280 nobis
824 1223 902 1296 fidei,
913 1225 984 1300 spei,
996 1232 1027 1282 et
1042 1226 1182 1284 caritatis
1195 1245 1315 1304 augmen·

119 1313 203 1363 tum:
225 1311 256 1363 et
271 1312 307 1362 ut
327 1323 492 1361 mereamur
511 1304 627 1379 assequi
647 1304 726 1379 quod
746 1305 906 1380 promittis,
920 1308 967 1364 fac
980 1325 1036 1364 nos
1049 1326 1154 1365 amare
1167 1310 1246 1384 quod
1257 1325 1314 1385 pra

120 1387 200 1463 cipis.
245 1386 304 1443 Per
317 1386 489 1442 Dominum.

180 1469 231 1524 Aa
246 1467 368 1524 Galatas
382 1467 424 1539 (v.
444 1464 559 1541 16-24).

161 1549 298 1606 Fratres:
321 1548 436 1623 Spiritu
449 1547 608 1618 ambulate,
623 1553 655 1604 et
668 1547 812 1605 desideria
826 1549 923 1604 carnis
935 1567 998 1606 non
1010 1551 1175 1625 perficietis
1187 1571 1271 1627 usque
1281 1548 1312 1607 ad

120 1649 239 1688 carnem
252 1648 337 1685 suam
350 1629 561 1685 crucifixerunt
574 1646 643 1685 cum
656 1628 740 1685 vitiis
754 1637 784 1685 et
797 1629 1051 1705 concupiscentiis

183 1709 360 1849 IGibbbbieest
375 1789 510 1847 confiteri
522 1788 653 1847 Domino
666 1811 673 1846 ι
694 1797 725 1847 et
738 1790 863 1867 psallere
876 1791 993 1849 nomini
1006 1797 1071 1864 tuo,
1086 1793 1238 1852 altissime.

130 1873 157 1930 Γ.
186 1872 237 1929 Ad
263 1872 503 1929 annuntiandum
524 1890 610 1929 mane
630 1872 860 1930 misericordiam
880 1879 985 1932 tuam:
1012 1879 1044 1931 et
1066 1877 1227 1933 veritatem
1245 1881 1311 1932 tuam

122 1973 171 2032 pm
183 1958 332 2109 dileetiiiiia
381 2032 410 2090 V.
434 2032 572 2103 Domine,
587 2033 735 2110 refugium
755 2034 853 2092 factus
870 2053 901 2091 es
921 2035 1025 2094 nobis:
1051 2057 1070 2094 a
1090 2037 1273 2114 generatione
1288 2038 1312 2091 et

124 2133 397 2268 Ριοῗΐιιιῗιᾳείἰιιιιιι
417 2194 584 2252 Secundum
597 2194 710 2252 Lucam
724 2196 810 2273 (xvii,
828 2197 945 2276 11-19).

186 2274 225 2332 In
239 2275 290 2332 illo
305 2282 445 2351 tempore,
461 2276 536 2332 Cum
550 2275 608 2332 iret
618 2275 640 2333 J
641 2295 707 2333 esus
720 2278 754 2334 in
764 2277 962 2350 Hierusalem,
973 2279 1125 2338 transibat
1139 2300 1193 2356 per
1205 2279 1309 2338 mediam

120 2355 288 2418 Sorrrarium
303 2361 334 2412 et
348 2355 501 2413 Galilaeam
515 2375 604 2430 usque
618 2357 659 2414 ad
674 2359 733 2415 nisi
753 2357 802 2415 hic
822 2359 995 2435 alienigene.
1029 2361 1072 2418 Et
1085 2363 1132 2419 ait
1144 2362 1207 2420 illi:
1228 2363 1309 2436 Surge,

120 2443 156 2497 ot
171 2435 262 2495 vado:
284 2436 354 2512 quia
368 2437 440 2495 fides
453 2444 506 2494 tua
519 2444 550 2494 te
564 2437 679 2495 salvum
692 2439 771 2496 fecit.

188 2517 382 2592 (merdarium.

191 2599 332 2658 neruiue
352 2600 473 2678 angelus
487 2600 613 2658 Domini
632 2601 665 2657 in
681 2601 807 2659 circrutu
821 2602 992 2660 timentium
1007 2623 1086 2677 eum,
1101 2611 1134 2663 et
1147 2605 1250 2682 eripiet
1261 2618 1310 2661 eos:

126 2687 244 2817 prompto
252 2688 287 2820 ¹ott
301 2682 408 2754 videto,
423 2682 563 2759 quoniam
577 2684 676 2740 suavis
690 2689 735 2740 est
749 2683 904 2742 Dominus

187 2784 365 2923 *li-(iiidie,
381 2846 519 2915 Domine,
533 2844 642 2922 populo
656 2851 717 2917 tuo,
733 2845 893 2921 propitiare
913 2847 1106 2922 muneribus;
1127 2855 1164 2906 ut
1183 2829 1237 2906 hae
1254 2842 1312 2904 obla·

127 2927 216 3020 tione¹
224 2925 364 3004 placatus,
377 2935 407 2986 ot
416 2927 632 3005 indulgentiam
645 2927 731 2984 nobis
744 2928 868 3001 tribuae,
879 2933 910 2985 et
923 2929 1075 3004 postulata
1086 2931 1233 2989 concedas.
1269 2925 1313 2984 Per

129 3010 373 3148 ·¹'⁰¹:1³5332312o0.

190 3171 280 3229 Panis
294 3192 382 3247 quom
396 3191 449 3249 ego
463 3172 587 3229 dedero:
609 3189 676 3228 caro
690 3189 756 3229 mea
768 3176 814 3228 est
826 3189 882 3246 pro
895 3170 994 3229 saeculi
1007 3172 1081 3229 vita.

191 3253 432 3312 I’ostcommrmio.

190 3334 331 3408 Sumptis
354 3335 492 3405 Domine,
513 3333 677 3391 caelestibus
697 3333 895 3403 sacramentis,
917 3333 955 3390 ad
974 3334 1190 3411 redemptionis
1209 3341 1315 3398 oebemaet

129 3434 306 3492 quaesumus,
322 3417 508 3490 proficiamus
521 3421 723 3490 augmentum.
768 3414 827 3471 Per
839 3414 1013 3476 Dominum.

601 3576 701 3634 Ferre
723 3578 861 3647 Quaere.

192 3683 241 3739 Aa
257 3683 423 3741 Corinthios
435 3685 473 3759 (2
495 3684 531 3742 oi.
551 3683 677 3742 lat-vii.
697 3685 739 3761 1).

193 3763 330 3822 Fratres:
362 3765 465 3824 Nolito
489 3767 595 3843 jugum
620 3766 726 3824 ducere
750 3785 817 3823 cum
842 3766 1010 3825 infidehbus
1034 3768 1086 3826 sed
1108 3789 1178 3828 eum
1202 3767 1319 3828 fidelibus

132 3864 222 3919 resque
236 3846 277 3901 od
291 3847 473 3921 pcrticioutos
487 3848 747 3905 eurrctifioationem
760 3847 794 3904 in
807 3847 913 3905 timore
927 3848 993 3906 Dei.

192 3926 360 3984 Seceoalum
374 3926 512 3986 Murmure
526 3929 562 4004 (i.
580 3929 697 4007 40-45).

194 4006 232 4064 1ιι
247 4006 298 4063 illo
312 4013 451 4083 temporo,
467 4010 562 4068 Venit
575 4011 612 4069 ad
627 4012 647 4069 J
648 4031 731 4070 esum
744 4012 877 4088 leprosus
891 4012 1051 4087 deprecans
1065 4032 1136 4070 eum
1149 4034 1240 4090 usque
1252 4011 1288 4071 ud
1298 4013 1320 4066 et

134 4088 293 4147 reuiclunt
307 4089 345 4148 ud
359 4109 424 4147 υιιιιι
442 4091 580 4169 undiquc.

616 4223 718 4281 Furem
739 4222 849 4280 Sexus.

194 4329 243 4385 Ad
258 4327 424 4387 (iniatlaios
438 4334 450 4403 (
459 4329 471 4385 l
496 4328 533 4386 ri.
551 4330 647 4404 9-14).

134 4410 331 4549 temisiiffis:
352 4410 404 4467 Au
415 4409 544 4483 noscitis,
556 4411 627 4488 quia
636 4412 733 4487 iniqui
746 4432 837 4487 usque
850 4415 892 4472 od
904 4419 936 4471 et
945 4431 999 4469 nos
1012 4412 1171 4472 suscitabit
1184 4434 1238 4492 per
1246 4413 1322 4470 virtu-
