2918 4986
340 344 445 411 Dora.
468 345 552 412 ercii.
571 353 647 432 poet
672 348 808 414 Oetaeos
829 323 1037 414 Pentecosten.
1231 351 1293 413 249

562 557 663 614 Fran
684 557 822 627 Qunam

150 667 201 724 Ad
216 666 399 726 Pimotleence
420 669 448 746 (l
472 668 492 726 a'.
509 669 600 746 5-12),

151 749 325 806 Carissimo:
347 747 430 806 Finis
450 756 550 808 eutem
564 749 703 827 praecepti
716 769 807 825 usquc
820 751 861 808 ad
875 770 922 808 me
936 751 1114 810 confortavit
1127 751 1160 808 in
1174 751 1294 809 Christo

43 864 50 879 =
84 831 111 888 J
113 849 166 886 esu
179 829 310 887 Domino
323 836 433 888 nostro.

151 910 319 969 Secundino
331 910 445 968 Bucam
465 912 519 989 (ci.
536 912 630 989 6-11).

151 992 191 1049 In
210 991 263 1048 illo
282 997 424 1068 tempore,
440 991 567 1055 Factum
587 999 632 1050 est
653 998 687 1050 ut
707 992 835 1051 intraret
847 993 869 1051 J
871 1012 936 1051 esus
954 993 987 1050 in
1005 1013 1183 1072 synagogam
1203 1012 1294 1070 neque

88 1075 131 1131 od
145 1073 288 1149 quidnam
301 1073 433 1131 fecerent
446 1074 482 1131 de
495 1073 518 1131 J
519 1093 577 1132 esu.

576 1233 676 1292 Fama
696 1232 807 1293 Serre.

152 1346 205 1404 Ad
218 1345 398 1405 Pistoclerum
420 1346 449 1422 (1
472 1345 504 1404 ii.
523 1345 613 1425 7-15).

154 1427 328 1486 Carissime:
347 1427 513 1486 Veritatem
529 1428 594 1486 dieo
607 1448 698 1502 acque
711 1428 753 1486 od
765 1436 796 1486 et
805 1428 1036 1487 sanctificatione
1045 1449 1114 1487 cum
1124 1429 1291 1489 sobrietate.

151 1507 319 1567 Secunda-m
332 1508 507 1566 Mattianum
527 1509 606 1586 (eiii.
626 1508 743 1585 14-17).

153 1589 192 1646 Iu
210 1589 262 1647 illo
279 1596 418 1666 tempore,
435 1590 511 1648 (lum
524 1591 654 1648 venisset
666 1590 689 1648 J
690 1610 756 1648 esus
775 1590 808 1647 in
829 1590 950 1649 domum
964 1591 1092 1649 Simonis
1106 1590 1190 1650 Petri
1204 1610 1294 1668 usqne

91 1669 133 1726 cd
145 1670 349 1747 aegrotationes
362 1671 503 1748 portavit.

200 1854 360 1914 Douruws
379 1857 534 1914 Vrcasum
555 1873 696 1916 secunus
717 1872 789 1915 eosr
810 1856 950 1915 Oornvas
971 1856 1192 1917 Parracosrns.

155 1969 293 2043 (ficium.

153 2051 186 2107 si
205 2049 379 2127 iniquitates
400 2051 608 2123 observaveris,
625 2052 771 2124 Domine3
793 2053 930 2126 Domine,
946 2052 1012 2129 quis
1026 2052 1204 2111 sustinebitl
1224 2052 1294 2129 quia

92 2130 171 2206 apud
185 2137 217 2188 te
228 2131 400 2209 propitiatio
414 2140 467 2204 est,
483 2133 565 2191 Deus
579 2134 680 2193 Israel.

154 2211 302 2270 Psolmne.

153 2293 200 2431 IO)e
213 2293 367 2369 profimdis
379 2293 505 2352 clamavi
518 2296 556 2352 ad
570 2294 769 2367 te,Domi11e:
790 2295 928 2368 Domine,
943 2296 1052 2355 exaudi
1065 2315 1166 2354 vocem
1180 2315 1283 2354 meam.

180 2372 265 2432 ratic.

153 2454 309 2512 Familiam
329 2463 421 2528 tuam,
438 2476 613 2533 quaesumus,
629 2456 766 2528 Domine,
782 2457 923 2515 continua
943 2459 1054 2534 pietate
1074 2458 1209 2531 custodi;
1228 2464 1263 2516 ut
1276 2477 1295 2514 a

92 2536 205 2592 eunetis
225 2535 455 2595 adversitatibus
475 2543 505 2594 te
525 2543 697 2615 protegente
718 2538 758 2594 sit
778 2537 927 2610 liberast
946 2539 979 2594 in
999 2539 1084 2596 bonis
1104 2539 1220 2596 actibus
1241 2545 1294 2596 tuo

95 2615 208 2673 nomini
221 2616 261 2673 sit
274 2617 389 2677 devota.
433 2617 492 2675 Per
506 2617 677 2676 Dominum.

155 2697 205 2754 Aa
218 2697 419 2774 Philippenses
441 2700 460 2776 (
461 2699 479 2755 i.
498 2699 593 2775 6-11).

155 2777 293 2836 Fratres:
314 2778 497 2837 Oonfidimus
517 2780 549 2836 in
563 2779 693 2836 Domino
706 2780 790 2851 Jesn,
807 2778 877 2855 quia
897 2778 949 2855 qui
967 2779 1056 2855 coepit
1069 2780 1101 2836 in
1119 2779 1203 2837 vobis
1221 2799 1294 2857 opus

95 2858 205 2916 bonum
225 2879 315 2934 neque
339 2859 380 2918 ad
402 2860 501 2917 fructu
522 2860 649 2936 justitiae
673 2880 726 2937 per
748 2861 854 2919 Jesum
875 2860 1036 2933 Christum,
1060 2862 1092 2918 in
1116 2855 1240 2938 gloriam
1264 2867 1295 2919 et

96 2939 213 2997 laudem
225 2941 291 3000 Dei

156 3020 290 3080 Grudolc.

155 3101 231 3159 Eece
244 3121 333 3179 quam
347 3102 458 3160 bonum
472 3109 502 3161 et
516 3122 606 3180 quam
615 3102 796 3179 jocundum:
817 3102 952 3161 habitare
966 3104 1072 3161 fratres
1085 3104 1118 3160 in
1131 3122 1233 3161 unum.

102 3181 128 3239 V.
156 3183 240 3240 Sicut
267 3189 454 3260 unguentum
481 3183 513 3240 in
541 3184 653 3260 capite:
685 3185 763 3260 quod
787 3183 937 3242 deseendit
960 3185 993 3241 iu
1016 3185 1146 3258 barbam,
1171 3184 1293 3242 barbam

97 3263 207 3322 Aaron.

103 3344 129 3401 V.
156 3344 314 3402 Mandavit
327 3344 474 3402 Dominus
488 3344 739 3403 benedictionem:
760 3353 792 3403 et
804 3345 898 3402 vitam
912 3346 1050 3423 usquein
1064 3345 1211 3404 saeculum.

156 3424 304 3502 Alleluya.
342 3425 372 3484 V.
388 3426 436 3485 De
449 3426 603 3502 profundis
616 3426 742 3484 clamavi
755 3428 793 3484 ad
806 3433 844 3499 te,
861 3427 1008 3485 Domine:
1032 3427 1169 3501 Domine,
1186 3425 1295 3486 exaudi

98 3523 197 3563 vocem
212 3525 314 3564 meam.

155 3586 304 3664 Alleluya.
353 3586 381 3645 V.
405 3587 626 3660 Lauda,anima
639 3607 713 3659 mea,
726 3588 898 3646 Dominum.
927 3587 1069 3647 Laudabo
1083 3588 1248 3647 Dominum
1261 3590 1294 3646 in

97 3667 159 3723 vita
173 3686 254 3724 mea:
274 3667 399 3745 psallam
413 3668 477 3726 Deo
492 3688 565 3740 meo,
582 3669 723 3744 quamdiu
738 3689 795 3726 ero.

155 3747 303 3824 Alleluya.
352 3748 380 3807 V.
412 3749 472 3820 Qui
499 3756 584 3807 sanat
611 3750 754 3807 contritos
781 3749 883 3808 corde:
915 3757 946 3808 et
972 3749 1075 3828 alligat
1102 3751 1295 3810 contritiones

99 3848 204 3887 comm

155 3908 322 3967 Secundam
334 3909 508 3969 Mattloeum
528 3910 626 3987 (ccciii.
643 3911 760 3989 23-35)

156 3990 195 4047 In
209 3990 260 4048 illo
273 3996 413 4067 tempore,
430 3991 519 4048 Dixit
532 3992 555 4050 J
555 4011 621 4049 esus
637 3991 787 4068 discipulis
808 3991 868 4048 suis
888 3993 1057 4067 parabolem
1077 3994 1153 4052 hanc
1162 4013 1171 4065 3
1192 3993 1295 4050 Simile

98 4079 139 4127 est
153 4091 278 4147 regnum
292 4072 429 4130 caelorum
449 4073 564 4130 homini
581 4072 653 4148 regi,
668 4073 720 4148 qui
734 4072 829 4130 voluit
842 4073 988 4130 rationem
1001 4094 1110 4151 ponere
1123 4094 1191 4132 oum
1204 4074 1295 4131 servis

97 4153 155 4209 suis
179 4172 268 4228 neque
290 4152 333 4210 ud
354 4153 381 4210 ei
401 4172 463 4211 non
486 4153 658 4212 remiseritis
684 4153 887 4230 unusquisqne
913 4154 1002 4212 fratri
1024 4175 1077 4212 suo
1100 4154 1137 4213 de
1159 4154 1295 4213 cordibus

98 4233 207 4290 vestris.

156 4312 413 4471 Djddbtrodbdidnquod
428 4395 560 4453 steterim
573 4395 606 4452 in
619 4400 775 4472 conspectu
789 4401 850 4469 tue,
863 4401 897 4453 ut
907 4395 1042 4472 loquerer
1054 4415 1108 4474 pro
1122 4396 1164 4455 eis
1173 4397 1295 4468 bonum,

97 4483 126 4533 et
139 4475 303 4534 averterem
316 4476 552 4554 indignationem
564 4482 649 4536 tuam
661 4477 699 4534 ab
713 4477 762 4535 eis.
