2886 4994
120 362 163 430 76
430 354 649 422 Hebdomada
662 353 707 420 io.
726 352 1006 440 Quadrageeirm

180 526 300 677 ἓξὲξ,
316 623 491 680 quesumus,
511 600 639 660 Domine
659 607 694 659 ut
713 600 891 659 salutaribus
907 600 1030 678 jejuniis
1050 601 1171 673 eruditi,
1186 621 1206 659 a
1223 602 1324 662 noxiis

118 707 235 764 quoque
248 687 330 743 vitiis
343 685 524 742 abstinentes
537 683 778 760 propitiationem
793 688 877 741 tuam
890 682 1005 741 facilius
1018 682 1222 758 impetremus.
1265 683 1327 751 Pet,

120 768 290 826 Dominum

179 847 275 905 Lectio
290 846 358 904 libe·
371 845 481 920 Regum
495 843 532 921 (4
552 844 589 902 io.
606 843 720 920 25-38).

180 927 220 984 In
240 927 343 985 diebus
363 927 431 998 illis,
453 925 548 982 Venit
570 925 676 982 mulier
699 923 860 982 Sunamitie
878 924 917 982 ad
935 923 1076 981 Elisaenm
1093 924 1272 1001 prophetam
1291 925 1325 983 in

119 1014 250 1066 montem
271 1007 400 1065 Carmeli
416 1025 506 1081 aeque
528 1005 714 1081 obtulitque
739 1005 834 1062 filium
858 1024 953 1078 suum,
976 1010 1007 1063 et
1030 1024 1144 1081 egressa
1166 1011 1220 1063 est.
1264 1006 1325 1064 Eli-

119 1107 193 1146 saeus
207 1109 277 1146 vero
290 1107 424 1145 reversus
438 1088 528 1144 estin
543 1085 672 1163 Galgela.

181 1167 313 1226 Crudele.

119 1275 123 1283 ·
180 1249 313 1326 Respice,
322 1248 460 1321 Domine,
471 1248 504 1306 in
517 1252 727 1306 testamentum
740 1247 845 1304 tnuni:
862 1251 893 1304 et
902 1245 1015 1304 animas
1025 1266 1190 1323 pauperum
1200 1253 1325 1307 tuorum

119 1348 158 1386 ne
171 1330 350 1388 obliviscaris
364 1330 396 1387 in
409 1329 506 1387 finem.

125 1409 153 1468 V.
180 1410 308 1488 Exurge,
330 1410 467 1483 Domine,
493 1416 523 1468 et
549 1409 650 1486 judica
682 1428 799 1466 causam
819 1413 920 1466 tuam:
948 1427 1059 1466 memor
1083 1414 1145 1466 esto
1171 1410 1326 1486 opprobrii

117 1509 270 1549 servorum
283 1499 411 1550 tuorum.

179 1571 380 1648 Evangeliam.
423 1570 590 1629 Secundam
603 1569 769 1628 Jobonnom
789 1569 830 1647 (o.
849 1569 962 1646 17-29).

179 1652 219 1710 In
238 1655 291 1711 illo
311 1662 449 1729 tempore,
465 1652 554 1710 Dixit
575 1651 596 1708 J
598 1671 663 1708 esus
684 1653 779 1709 turbis
799 1652 973 1710 Judaeorum
983 1670 992 1722 3
1015 1649 1106 1707 Pater
1125 1670 1209 1708 meus
1230 1657 1326 1728 usq'ue

118 1733 205 1790 modo
219 1742 366 1810 operatur,
382 1740 412 1790 et
426 1751 479 1810 ego
499 1751 602 1808 operor
621 1752 711 1806 aaqeae
732 1734 772 1790 ad
792 1734 927 1810 quivero
940 1731 1019 1788 mala
1032 1739 1163 1808 egerunt,
1179 1732 1214 1788 in
1227 1752 1325 1791 resur·

119 1815 279 1872 rectionem
289 1814 403 1890 judicii

183 1894 374 1968 Offcrtorinm.

180 1974 316 2045 Domine,
329 1974 360 2029 in
370 1972 516 2029 auxilium
529 1991 628 2029 meum
641 1972 769 2048 respice:
792 1973 1011 2031 confundantur
1020 1979 1051 2032 et
1064 1980 1258 2033 revereantur
1271 1975 1325 2053 qui

117 2062 257 2128 quaerunt
267 2055 400 2111 ‘animam
413 2072 518 2125 meam,
532 2059 569 2109 ut
581 2053 717 2110 auferant
730 2072 803 2110 cam.

179 2133 298 2191 Secreto.

180 2213 308 2271 Purifica
328 2232 390 2285 nos,
406 2212 568 2270 misericors
582 2213 673 2285 Deus,
688 2218 724 2270 ut
737 2213 863 2272 eeclesiae
879 2220 938 2273 tuse
957 2235 1065 2291 preces,
1080 2236 1145 2292 quae
1159 2216 1218 2274 tibi
1232 2224 1325 2295 gratae

116 2300 198 2366 sunt,
222 2295 272 2370 pia
294 2313 417 2350 munera
441 2293 611 2367 deferentes,
637 2295 711 2352 fiant
734 2296 861 2371 expiatis
888 2297 1037 2354 mentibus
1060 2298 1211 2375 gratiores
1267 2298 1326 2358 Per

119 2371 291 2433 Dominum.
948 2379 951 2386 '

181 2453 363 2513 Oonsmaaio.

180 2535 314 2608 Domine,
331 2535 514 2592 memorabor
529 2536 655 2611 justitiae
675 2542 735 2594 tuse
755 2536 863 2595 solius:
884 2536 975 2612 Deus,
990 2538 1117 2598 docuisti
1129 2559 1178 2597 mc
1191 2559 1210 2597 a
1219 2540 1326 2617 juven-

117 2619 184 2672 tute
199 2635 281 2673 mea:
302 2622 333 2672 et
345 2635 438 2691 usque
451 2617 484 2673 in
497 2623 644 2674 senectam
657 2624 688 2676 et
701 2618 825 2691 senium,
840 2619 931 2692 Deus,
948 2639 985 2678 ne
999 2620 1185 2697 derelinquas
1199 2641 1255 2680 me.

178 2695 420 2754 Posloommanio.

180 2775 316 2834 Caelestia
329 2777 406 2834 dona
419 2777 609 2853 capientibus,
624 2799 798 2856 quaesumus,
815 2780 953 2854 Domine,
967 2801 1029 2840 non
1045 2782 1084 2839 ad
1099 2782 1248 2858 judicium
1261 2803 1326 2859 pro

117 2856 219 2949 venire
242 2857 372 2933 patiaris,
398 2877 463 2934 quae
486 2859 622 2917 fidelibus
646 2862 706 2918 tuis
730 2862 769 2918 ad
791 2861 955 2920 remedium
975 2863 1139 2939 providisti.
1182 2863 1243 2922 Per
1267 2864 1326 2922 Do

118 2953 242 2996 minum.

179 3016 274 3093 δωρον
279 3018 435 3099 poloniam.

182 3096 291 3175 Populi
305 3102 360 3172 tui,
371 3098 461 3172 Deus,
474 3101 630 3159 institutor
642 3109 673 3162 et
685 3109 790 3177 rector,
799 3109 926 3180 peccata,
939 3103 1048 3182 quibus
1061 3105 1264 3184 impugnatur,
1277 3126 1326 3164 ex·

122 3174 208 3269 pelle,
229 3185 266 3236 ut
285 3199 398 3258 semper
418 3181 474 3239 tibi
493 3182 626 3260 placitus,
643 3191 673 3242 et
695 3192 749 3242 tuo
771 3185 936 3243 munimine
956 3186 996 3245 sit
1016 3206 1142 3247 securus.
1186 3187 1247 3245 Per
1267 3188 1334 3246 Do·-

120 3272 245 3317 mrnum.
1327 3279 1329 3283 ‘

603 3407 704 3468 anm
728 3411 837 3470 Sarra

181 3498 322 3574 Officium.

181 3577 340 3640 Meditatio
354 3583 449 3641 cordis
462 3585 519 3642 mei
532 3585 566 3642 in
579 3594 736 3664 conspectu
747 3594 800 3647 tuo
813 3609 945 3669 semper:
966 3588 1103 3664 Domine,
1114 3591 1234 3668 adjutor
1243 3613 1327 3653 meus

118 3662 153 3717 ct
165 3658 332 3739 reclanrptor
345 3682 435 3722 meus.

181 3738 326 3800 l’mrboue.

180 3818 253 3957 (garli
266 3830 406 3882 anement
419 3825 541 3903 gloriam
556 3827 632 3888 Dei:
654 3836 684 3887 et
698 3849 786 3908 opere
805 3852 947 3891 manuum
967 3833 1031 3910 ejus
1050 3834 1211 3891 annuntiat
1230 3834 1328 3894 firma·

120 3916 188 3959 rnen
206 3919 262 3959 um.

182 3978 292 4041 Oratio

181 4058 273 4134 Iloua,
295 4064 348 4139 crui
368 4065 565 4127 ineffabilibus
583 4072 729 4130 mundum
749 4093 872 4132 renovas
892 4075 1081 4134 sacramentis
1091 4096 1099 4147 ς
1119 4082 1234 4151 praesta,
1249 4097 1327 4154 quae·

119 4156 232 4212 Ιιιιιιιικ,
246 4150 281 4201 ut
298 4142 425 4206 Ecclesia
444 4155 498 4207 tua
517 4152 634 4208 aeternis
654 4154 788 4229 proficiat
807 4156 963 4230 institutis,
982 4163 1013 4216 ct
1033 4153 1245 4233 temporalibus
1264 4178 1326 4216 non

123 4216 306 4281 «lectitantur
319 4227 446 4287 arrxiliia
489 4230 548 4289 Per
561 4231 731 4292 Dominum.

182 4296 279 4383 josebio
293 4303 362 4363 tussi
377 4308 487 4384 limeum
506 4311 543 4386 (3
564 4313 632 4370 avii.
652 4314 764 4394 17-24)

183 4378 220 4441 ln
235 4380 339 4443 ‹liabua
352 4388 420 4463 illie,
436 4391 608 4468 AEgrotavit
621 4394 700 4451 filius
714 4397 846 4456 mulieris
865 4418 956 4474 aegere
976 4399 1017 4457 ad
1037 4398 1128 4457 Nunc
1142 4399 1175 4457 in
1188 4399 1246 4456 isto
1261 4419 1327 4477 cog-

123 4456 192 4523 uon
206 4464 350 4539 quioniam
364 4470 412 4528 vir
425 4471 483 4531 Dei
496 4493 527 4532 cs
540 4479 584 4548 tu,
599 4481 630 4532 et
643 4476 767 4535 verbum
781 4478 904 4537 Domini
916 4479 950 4537 in
963 4499 1013 4538 ore
1025 4485 1079 4538 tuo
1092 4499 1196 4539 verum
1210 4485 1262 4539 cst.
