2918 4986
219 363 262 427 98
621 358 724 424 Faria
735 381 762 424 o.
778 359 821 424 in
835 359 891 424 dic
907 360 1013 425 eene.

217 536 244 586 ot
251 536 353 603 postea
365 526 503 584 Ministri
515 527 738 584 circumeamus.
781 525 895 584 Deinde
904 546 969 585 aero
980 525 1094 586 ouem
1107 523 1243 584 similiter
1260 525 1425 585 adntotnm

216 607 369 681 maner,
386 608 492 680 diceris,
510 609 588 678 Ave,
611 613 746 664 sanctum
766 605 909 664 Chriama
951 608 1056 666 Postea
1073 627 1094 664 a
1115 607 1213 664 oeternis
1229 607 1376 664 aolntetnr
1399 617 1425 664 et

216 689 366 746 occidetur.
422 688 526 763 Sicqne
536 696 683 763 uapormo
695 697 826 762 ntroqne,
841 686 1031 762 Geroseroriia
1037 688 1245 764 proenentibraa,
1261 688 1426 764 Epnoopna

216 769 291 827 lavet
299 788 416 840 morena,
423 777 450 827 et
456 769 537 827 dieat
544 769 710 827 Dinomenes
720 768 889 826 Humiliate
896 788 949 825 voa
958 769 996 826 ad
1005 768 1359 827 benedictionem-MS.
1370 766 1424 849 D.]

243 956 250 969 .
275 874 431 948 Praelotna,
444 873 533 951 jorn
546 874 745 946 maiorem,
760 893 912 933 eunome
924 875 966 931 ad
978 872 1089 946 Altera,
1103 874 1248 949 suetoque
1260 873 1423 951 fractione,

216 957 319 1095 dmllt
331 1056 392 1112 pax
404 1037 468 1112 ejus
481 1037 521 1094 ait
533 1055 648 1113 semper
659 1035 817 1093 vobiscum
859 1036 941 1094 Etsi
953 1036 1033 1092 aliua
1045 1036 1157 1094 enno
1170 1055 1260 1110 qaum
1273 1035 1425 1095 Proelotna

215 1118 303 1212 diret,
325 1117 392 1175 Pax
414 1117 538 1175 Domini
561 1117 601 1174 sit
619 1136 734 1194 semper
752 1117 912 1174 vobiscum
958 1115 1074 1175 Choma
1092 1118 1270 1192 rapotone,
1290 1117 1335 1174 Et
1355 1137 1423 1176 eum

214 1205 322 1349 ⁸pmll'll
334 1205 398 1349 11111
419 1291 504 1367 paoia
526 1289 629 1349 oaonlo.
664 1289 713 1346 -In
734 1289 942 1348 communicent
962 1290 1086 1366 majorae
1106 1289 1247 1348 Eooleaioe.
1289 1289 1423 1366 Sonqnia

206 1373 328 1448 peniteas
349 1381 492 1430 eammnr.
533 1371 580 1429 Dc
598 1371 723 1447 Corpore
736 1370 861 1428 Domini
877 1372 912 1428 in
929 1372 1093 1429 crastinam
1108 1381 1243 1444 nmina,
1258 1381 1285 1430 et
1303 1393 1325 1430 o
1342 1373 1422 1430 Pne-

210 1453 278 1526 loto,
292 1454 345 1511 nbi
357 1454 533 1511 comiadum
545 1453 608 1524 erit,
623 1461 779 1510 reverantia·
790 1461 957 1528 reperiatur.

270 1549 451 1610 Gommnnio.

269 1630 417 1689 Dominus
437 1631 460 1690 J
461 1650 536 1704 esus,
558 1635 714 1707 postquam
735 1630 853 1688 cenavit
876 1649 944 1687 cum
965 1630 1117 1706 discipulis
1138 1630 1207 1704 suis,
1230 1630 1308 1688 lavit
1331 1632 1419 1708 pedes

210 1732 312 1770 eorum
328 1719 359 1770 et
374 1713 418 1770 ait
438 1712 517 1768 illis:
536 1711 625 1768 Scitis
643 1712 716 1787 quid
733 1711 853 1768 fecerim
869 1711 971 1770 vobis:
990 1730 1044 1788 ego
1061 1710 1208 1769 Dominus
1226 1717 1258 1769 et
1275 1713 1420 1792 magister

210 1794 380 1871 exemplum
392 1793 462 1850 dedi
474 1793 566 1864 vobis,
580 1798 616 1849 ut
629 1799 660 1848 et
673 1793 716 1848 ita
728 1811 781 1848 vos
794 1791 916 1848 faciatis

268 1890 360 1948 Dicto
373 1888 590 1960 Communium,
603 1886 716 1946 Cantor
728 1887 852 1964 incipiat
865 1887 1075 1964 Antiphonem.

270 1983 322 2040 Ad
340 1983 481 2058 Veaperaa.
523 1979 702 2056 Amiplrono.

270 2062 399 2121 Calicem
411 2062 548 2119 salutaris
561 2062 721 2137 accipiam:
743 2067 775 2119 et
786 2081 896 2120 nomen
908 2061 1033 2120 Domini
1045 2062 1195 2120 invocabo.

267 2156 407 2213 Paolmna
420 2155 495 2233 (ceo.
511 2154 597 2232 (116,
615 2155 696 2231 10)).

268 2236 396 2309 Credidi,
409 2235 623 2312 propterquod
635 2237 752 2292 locutus
764 2255 848 2294 sum:
866 2255 920 2313 ego
933 2242 1033 2294 autem
1045 2236 1221 2294 humiliatus
1234 2255 1303 2296 sum
1316 2237 1413 2297 nimia.

208 2317 273 2394 Ego
286 2317 351 2374 dixi
362 2317 397 2373 in
409 2334 529 2374 excessu
542 2335 627 2374 meo:
649 2316 755 2374 Omnis
767 2317 855 2374 homo
868 2318 1005 2374 mendax.
1155 2327 1158 2331 '

208 2398 290 2468 Quid
302 2398 465 2456 retribuam
478 2398 626 2454 Domino:
650 2416 703 2473 pro
717 2398 854 2455 omnibus
867 2417 932 2474 quae
946 2399 1086 2456 retribuit
1098 2398 1193 2457 mihil

208 2479 336 2538 Calicem
349 2479 488 2537 salutaris
500 2479 658 2555 accipiam:
679 2484 711 2536 et
722 2498 829 2536 nomen
843 2479 967 2536 Domini
979 2480 1130 2537 invocabo.

207 2559 289 2618 Vota
315 2580 381 2618 mea
408 2560 538 2618 Domino
568 2559 690 2617 reddam
719 2579 817 2616 eoram
847 2561 929 2616 omni
955 2560 1064 2636 populo
1096 2561 1179 2637 ejus:
1217 2562 1351 2637 pretiosa
1380 2564 1413 2620 in

285 2647 441 2718 conspectu
456 2641 579 2698 Domini
591 2661 671 2698 mors
682 2645 851 2698 sanctorum
864 2641 935 2716 ejus

205 2723 232 2779 Ο
246 2721 384 2794 Domine,
392 2723 463 2799 quia
472 2742 525 2799 ego
535 2742 636 2780 servus
645 2728 731 2779 tuus:
749 2740 803 2798 ego
812 2741 914 2778 servus
927 2728 1007 2793 tuus,
1017 2728 1048 2778 et
1062 2721 1141 2779 filius
1151 2722 1266 2780 ancillae
1279 2729 1349 2782 tuae.

204 2803 354 2880 Dirupiati
381 2804 502 2861 vincula
530 2823 617 2877 mea,
650 2802 708 2860 tibi
734 2802 901 2860 sacrificabo
930 2802 1060 2860 hostiam
1089 2803 1205 2861 laudis:
1238 2809 1269 2862 et
1301 2825 1411 2864 nomen

283 2885 407 2942 Domini
419 2885 568 2942 invocabo
709 2881 713 2885 ’

201 2965 283 3025 Vota
303 2986 369 3024 mea
391 2966 521 3024 Domino
546 2964 667 3022 reddam
688 2964 722 3020 in
742 2969 900 3040 conspectu
921 2964 1017 3022 omnis
1037 2964 1140 3041 populi
1161 2965 1243 3041 ejus:
1270 2967 1305 3024 in
1325 2967 1411 3026 atriis

281 3048 384 3105 domus
398 3047 530 3119 Domini,
545 3047 578 3103 in
592 3046 688 3103 medio
701 3045 748 3102 tui
763 3044 960 3103 Hierusalem.

260 3154 480 3213 Edd-Gloria
493 3153 584 3210 Patri
612 3152 780 3210 Sicuterat
865 3147 944 3230 [MS.
958 3150 1110 3208 D.—Ant.
1124 3150 1255 3209 Calicem
1268 3153 1408 3211 salutaris

820 3233 971 3308 accipiam,
988 3237 1025 3290 et
1046 3252 1155 3290 nomen
1178 3232 1304 3291 Domini
1327 3235 1408 3292 invo

822 3311 917 3392 caba]

260 3396 438 3471 Antiphone

260 3477 336 3533 Cum
348 3477 396 3533 his
409 3476 462 3552 qui
477 3475 605 3532 oderunt
620 3494 722 3552 paoem
741 3493 821 3532 eram
841 3473 997 3551 pacificus:
1017 3494 1084 3533 cum
1104 3475 1249 3552 loquebar
1268 3476 1340 3551 illis,
1353 3477 1405 3534 im-

201 3557 376 3634 pugnabant
388 3576 436 3614 me
448 3556 548 3633 gratis
942 3556 945 3561 ’

258 3653 398 3711 Panlmna
410 3653 500 3731 (eatan
516 3651 640 3730 (120)).

258 3734 311 3792 Ad
324 3734 496 3808 Dominum,
510 3753 578 3790 cum
591 3733 758 3805 tribularer,
774 3732 918 3791 clamavi:
938 3739 970 3792 et
983 3733 1138 3791 exaudivit
1151 3753 1206 3791 me.

198 3816 336 3886 Domine,
350 3815 445 3873 libera
456 3815 586 3873 animam
599 3834 695 3872 meam
708 3834 726 3871 a
739 3814 825 3871 labiis
837 3814 965 3893 iniquis:
986 3821 1016 3872 et
1030 3834 1048 3872 a
1060 3815 1165 3891 lingua
1177 3814 1286 3875 dolosa
1355 3865 1359 3872 .

199 3897 280 3967 Quid
292 3897 382 3954 detur
393 3897 458 3969 tibi,
473 3901 526 3954 aut
539 3896 611 3973 quid
624 3900 791 3972 apponatur
804 3895 879 3954 tibi:
898 3895 937 3952 ad
949 3895 1082 3972 linguam
1094 3896 1249 3955 dolosam‘l

197 3979 320 4055 Sagittae
332 3978 463 4054 potentis
476 3983 589 4036 acutae:
609 3997 677 4034 cum
691 3977 867 4034 carbonibus
882 3976 1071 4034 desolatoriis„

196 4060 269 4118 Heu
292 4059 378 4131 mihi,
400 4059 472 4136 quia
494 4058 642 4116 incolatus
662 4077 746 4114 meus
767 4058 959 4134 prolongatus
980 4063 1043 4130 est,
1070 4057 1206 4116 habitavi
1227 4078 1297 4117 cum
1322 4059 1403 4118 habi-

275 4140 410 4198 tantibus
427 4139 540 4197 Oedar:
561 4138 692 4196 multum
704 4139 802 4196 incola
815 4138 874 4196 fuit
887 4139 988 4196 anima
1000 4158 1073 4196 mea

192 4221 269 4280 (lum
292 4222 339 4279 bis
365 4221 419 4298 qui
442 4221 571 4279 oderunt
592 4238 695 4295 pacem
718 4238 799 4277 eram
820 4219 977 4296 pacificus:
1006 4239 1074 4277 oum
1098 4220 1240 4297 loquebar
1258 4221 1329 4296 illis,
1349 4223 1401 4278 im-

272 4303 446 4380 pugnabant
459 4321 508 4359 me
524 4301 624 4378 gratis
854 4350 856 4354 .

254 4409 477 4469 Edd-Gloria
490 4407 583 4465 Patri.
607 4405 690 4465 Sicut
704 4413 776 4466 erat.
861 4405 939 4488 [MS.
970 4406 1119 4466 n-An
1164 4407 1242 4468 Cum
1273 4410 1321 4468 his
1348 4409 1399 4487 qui

818 4488 946 4547 oderunt
959 4486 1083 4569 pacem]
