2918 4986
191 416 233 489 88
480 412 731 491 'Dominicc'in
744 425 867 492 Roneis
881 412 1095 492 Pclncernns.

192 594 339 650 dicentes:
364 593 396 651 Si
410 593 589 651 dimittimus
603 613 671 650 eum
684 593 733 666 sic,
751 595 985 652 omnes‘credent
995 595 1027 651 in
1041 614 1128 668 eum,
1142 601 1173 652 et
1183 595 1261 652 forte
1274 595 1401 654 venient

193 674 331 745 Romani,
347 680 377 731 et
391 675 497 731 tollent
510 674 608 731 locum
620 679 755 731 nostrum
769 680 799 733 et
811 682 938 751 gentem.

251 755 352 812 Finito
365 774 494 829 repressa
501 755 592 830 pueri
604 755 638 812 in
652 755 745 812 altam
755 776 848 831 snpra
857 757 964 814 ostium
974 755 1107 835 Ecclesiae
1122 753 1178 836 [vei
1189 755 1276 832 infra
1290 758 1400 816 ostium

178 835 429 899 ,Ecclcuie-MS.
446 833 498 914 D.]
515 845 622 893 canent
643 835 768 894 Versum.

353 916 463 988 Gloria,
478 917 550 987 laus,
561 917 595 973 et
606 916 704 973 ¹honor
717 917 774 974 tibi
787 917 835 989 sit,
852 918 920 975 Rex
934 916 1051 976 Christe
1066 919 1259 995 Redemptor,

392 997 449 1054 Oui
462 997 574 1073 puerile
587 997 674 1055 decus
688 999 832 1075 prompsit
846 998 991 1056 Hosanna
1004 1001 1095 1076 pium.

251 1077 365 1136 Olcorns
379 1096 444 1135 cunc
455 1079 650 1152 pennfleseione
664 1079 750 1135 dicct.

351 1159 461 1231 Gloria,
477 1159 549 1231 laus,
565 1165 595 1216 et
609 1160 703 1216 honor
717 1160 774 1216 tibi
788 1160 834 1216 sit.

250 1241 349 1298 Pueri.

350 1321 443 1378 Israel
457 1340 487 1377 es
501 1326 535 1377 tu
550 1321 625 1392 Res,
641 1321 765 1378 Davidis
780 1327 810 1378 et
824 1321 935 1396 inclyta
947 1323 1050 1398 proles.

390 1402 519 1459 Nomine
533 1402 630 1477 quiin
645 1402 776 1474 Domini,
791 1402 859 1458 Rex
873 1403 1033 1476 benedicte,
1048 1404 1139 1460 venis.

582 1481 585 1487 ¹
673 1482 938 1555 Cleonas-Gloria,
954 1485 1024 1541 laus.

174 1622 176 1625 ,
248 1565 342 1623 Pueri

349 1646 451 1703 Goetus
464 1646 496 1701 in
511 1645 633 1702 excelsis
646 1651 677 1702 te
690 1644 793 1701 laudat
807 1645 922 1702 caelieus
936 1645 1040 1717 omniS,

296 1796 299 1807 ι
315 1773 319 1785 ,
344 1799 347 1806 Ι
381 1727 429 1783 ‚Et
442 1726 576 1782 mortalis
591 1726 686 1796 homo,
702 1732 733 1782 et
746 1733 852 1782 cuncta
866 1734 963 1783 creata
977 1726 1072 1784 simul.

672 1805 1026 1880 Obortis—Glorialaus.

247 1889 396 1946 I'ueris'''·

172 1972 174 1977 '
348 1969 437 2025 Plebs
450 1968 581 2025 Hebraea
593 1968 650 2023 tibi
663 1986 731 2024 cum
744 1967 850 2042 palmis
865 1969 952 2025 obvia
965 1970 1067 2026 venit:

389 2048 464 2106 Cum
479 2068 572 2126 prece,
586 2055 665 2119 voto,
680 2048 807 2122 hymnis,
823 2049 961 2106 adsumus
975 2069 1040 2106 ecce
1054 2048 1118 2105 tibi.

671 2127 933 2203 Cleonas—Gloria,
948 2130 1020 2202 laus,
1036 2136 1066 2187 et
1080 2129 1175 2186 honor
1188 2130 1247 2186 tibi
1263 2130 1310 2188 sit.

246 2210 339 2267 Pueri
358 2210 540 2285 reincipiant.
1291 2216 1294 2221 '

348 2291 456 2363 Gloria,
472 2291 544 2361 laus,
560 2296 590 2347 et
604 2290 698 2347 honor
711 2291 768 2347 tibi
781 2291 828 2362 sit,
845 2292 913 2349 Rex
927 2290 1044 2349 Ghriste
1059 2291 1251 2368 Redemptor,

388 2371 445 2428 Oui
457 2372 569 2449 puerile
583 2371 671 2428 decus
684 2372 828 2448 prompsit
842 2372 987 2430 Hosanna
1002 2373 1090 2448 pium.

245 2453 285 2508 Ec
301 2451 412 2511 Gliorns
426 2454 529 2511 stando
536 2453 636 2528 finiat.

171 2604 176 2615 Ι
247 2531 299 2614 [In
312 2533 380 2590 aliis
393 2554 457 2591 cero
471 2533 546 2604 locis,
559 2534 610 2591 nbi
622 2553 683 2590 non
692 2533 812 2590 babetur
822 2534 929 2591 ostiam
940 2533 1117 2603 occidentale,
1125 2537 1186 2608 fiat
1195 2534 1255 2592 istc
1265 2537 1391 2592 secicruln

172 2615 270 2672 'statio
284 2616 325 2672 od
338 2615 445 2672 ostium
458 2615 669 2672 pissinale—M
675 2614 702 2670 S.
720 2612 772 2692 D.]

244 2695 355 2753 Deinde
365 2695 645 2772 introentprocessiO,
654 2693 776 2754 Genitore
787 2693 957 2774 [Recentore
967 2695 1158 2769 officii-MS.
1172 2692 1226 2775 D.]
1237 2696 1392 2771 incipiente

170 2775 172 2780 ’
242 2776 476 2855 Responsoriccrn.

244 2858 435 2935 Ingrediente
455 2858 586 2915 Domino
598 2857 632 2913 in
645 2862 777 2914 sanctam
798 2856 959 2929 civitatem,
974 2856 1171 2913 Hebraeorum
1192 2857 1279 2932 pueri
1299 2877 1391 2915 resur-

183 2939 343 2997 rectionem
365 2940 434 2996 vitae
457 2941 691 3016 pronuntiantes,
715 2938 789 2995 Cum
811 2937 1096 3013 ramispalmarum,
1119 2937 1266 2996 Hosanna
1287 2939 1391 2996 clama-

183 3021 257 3077 bant
270 3021 304 3076 in
317 3021 447 3077 excelsis.

243 3101 319 3158 Cum
346 3102 476 3159 audisset
502 3101 628 3176 populus
656 3099 725 3176 quia
752 3100 841 3157 Jesus
867 3099 951 3157 venit
981 3098 1221 3175 Hierosolymam
1251 3100 1390 3160 exierunt

182 3182 299 3239 obviam
314 3182 348 3238 ei.
393 3182 470 3239 Cum
483 3183 572 3242 ramis
585 3181 758 3257 palmarum.

243 3262 316 3319 Edd.
345 3271 370 3320 et
397 3262 462 3319 MS.
488 3262 606 3319 B.-In
636 3262 769 3335 inpressa
870 3260 935 3317 MS.
959 3261 997 3318 D.
1010 3260 1162 3318 ——Finito
1198 3260 1389 3337 Responsorio

179 3343 366 3417 processionis
384 3343 529 3400 Praeietus
544 3351 585 3399 ter
591 3343 679 3416 flecis
691 3343 767 3415 peni·
808 3361 874 3399 cunc
904 3342 999 3410 Versu,
1024 3342 1167 3399 Enecntor
1195 3340 1299 3416 Officii,
1325 3343 1387 3400 sub-

182 3425 235 3481 bns
247 3432 314 3480 ente
330 3421 450 3481 Grncenc
463 3424 669 3497 discoopertam
803 3431 894 3480 strato
909 3431 1010 3499 tapeto,
1026 3420 1147 3503 Crucem
1167 3422 1316 3498 majorem,
1331 3444 1388 3482 nn·

807 3505 908 3561 datam
922 3525 941 3560 n
954 3503 1099 3574 Sacristis,
1107 3503 1196 3577 flexis
1207 3504 1331 3578 penitus

242 3585 341 3641 adoret
359 3585 456 3641 dicens
469 3585 614 3641 cantando
632 3583 709 3654 Ave,
722 3584 791 3641 Rex
809 3590 916 3641 noster.
953 3584 993 3640 Et
1009 3583 1122 3642 Ghorns
1139 3580 1241 3663 [flexis
1259 3586 1386 3660 penitus,

182 3664 248 3722 MS.
265 3661 317 3744 D.]
332 3665 409 3721 idern
421 3675 537 3741 repetat.

244 3743 319 3826 [Hoc
334 3755 376 3802 ter
387 3749 447 3820 ‚rint
461 3766 480 3802 a
493 3745 620 3803 Proeiuto
635 3754 660 3803 ct
675 3746 776 3803 totiens
790 3767 809 3803 n
824 3745 940 3816 Glcoro;
971 3755 997 3803 et
1021 3746 1106 3803 tertie
1125 3745 1184 3803 rn’ce
1198 3755 1388 3821 percontetur

182 3835 241 3884 totu
254 3826 540 3901 Antiphone—MS.
557 3823 611 3906 Β]
625 3886 628 3891 ,

242 3906 350 3982 Antip]
415 3951 421 3964 .

241 3988 310 4046 Ave
333 3988 401 4044 Rex
422 3995 531 4059 noster,
556 3988 615 4045 Fili
639 3988 747 4060 David,
774 3988 955 4064 Redemptor
978 3987 1091 4058 mundi,
1117 4006 1205 4063 quem
1233 3989 1385 4064 prophetae

180 4070 414 4147 praedicaverunt
438 4070 620 4126 salvatorem
645 4070 745 4126 domui
769 4068 863 4126 Israel
888 4087 950 4127 esse
971 4076 1139 4126 venturum.
1183 4068 1225 4125 Te
1247 4071 1328 4127 enim
1349 4070 1385 4127 ad

180 4153 339 4208 salutarem
357 4151 509 4207 victimam
528 4151 618 4206 Pater
635 4151 716 4207 misit
739 4151 771 4206 in
793 4151 945 4221 mundum,
966 4169 1054 4225 quern
1071 4149 1269 4226 expectabant
1286 4171 1386 4208 omnes

180 4233 274 4290 sancti
294 4234 331 4289 ab
352 4232 465 4308 origine
485 4232 598 4302 mundi,
614 4238 644 4288 et
659 4251 746 4288 nunc.
791 4231 936 4288 Hosanna
957 4231 1033 4287 Filio
1055 4231 1162 4288 David.
1206 4231 1386 4289 Benedictus

181 4315 232 4390 qni
245 4315 328 4370 venit
342 4315 374 4370 in
388 4313 507 4370 nomine
522 4313 657 4369 Domine.
701 4312 846 4369 Hosanna
860 4313 892 4368 in
907 4312 1035 4369 excelsis.

240 4395 360 4453 Postea*
374 4415 437 4452 vero
455 4402 591 4469 quattuor
609 4393 652 4449 cel
671 4412 719 4450 sen
743 4394 851 4451 licerii
872 4393 905 4450 in
921 4391 1056 4468 pulpiwa
1077 4393 1224 4468 incipiant
1248 4390 1387 4473 [conversi

180 4477 220 4532 cd
235 4476 486 4551 populum-MS.
503 4473 553 4554 D].

238 4607 250 4631 '
267 4608 319 4653 MS.
332 4609 466 4655 n-Ftnto
476 4595 543 4654 cantu
552 4622 592 4653 ses
602 4613 641 4652 cut
651 4605 732 4665 plures
745 4606 853 4652 Onnouici
863 4605 898 4652 cel
913 4605 1001 4652 Vicani
1011 4606 1036 4651 in
1046 4606 1102 4652 ostio
1116 4605 1184 4653 Ultori
1194 4606 1314 4666 incipient.
