2918 4986
324 386 446 452 Modus
463 384 693 472 prceporouda'
715 408 746 451 se
768 385 815 451 od
836 383 987 451 Missam.
1193 386 1256 449 165

117 552 209 611 Panis
222 558 331 626 sancte,
345 553 430 630 panis
443 552 519 627 vive,
535 553 619 630 penis
633 552 762 630 pulcher,
778 553 863 630 panis
876 551 995 625 munde,
1010 551 1063 629 qui
1083 550 1260 610 descendisti

61 635 93 692 de
106 634 177 692 caelo
190 641 221 692 ct
241 633 293 692 das
306 635 400 691 vitam
414 634 534 707 mundo,
549 635 618 691 veni
638 635 671 691 in
692 653 862 703 cormeum,
877 640 908 691 et
927 633 1039 691 munda
1056 652 1104 690 me
1117 632 1155 689 cd
1176 631 1260 689 omni

59 715 281 793 inquinamento
295 715 391 773 earnis
405 720 436 772 et
455 715 584 792 spiritus.
627 714 715 772 Intra
728 715 761 772 in
774 714 904 772 animam
917 733 1022 787 meam,
1037 733 1108 772 sana
1128 719 1159 771 et
1180 731 1260 770 sane

57 797 137 854 tilica
150 815 197 854 me
217 797 343 854 interius
356 801 387 854 et
400 796 539 854 exterius.
596 795 669 853 Esto
683 801 821 853 tutamen
835 801 865 853 et
885 795 1026 852 continua
1039 794 1117 852 salus
1131 793 1260 870 corporis

57 883 86 935 et
99 877 206 935 animae
220 897 299 935 mese.
342 876 464 953 Repelle
478 897 495 934 a
508 896 556 934 me
569 876 742 934 insidiantes
755 876 830 933 mihi
843 875 956 950 hostes3
976 875 1114 934 recedant
1127 873 1229 951 procul
1243 894 1262 931 a

55 958 214 1034 praesentia
226 958 366 1034 potentiae
379 964 448 1029 tuae,
460 962 496 1014 ut
508 957 590 1014 intus
604 963 635 1014 et
647 957 718 1015 foris
732 957 867 1014 munitus
879 976 933 1033 per
945 962 977 1014 te
990 962 1071 1014 recto
1089 956 1209 1014 tramite
1223 955 1261 1012 ad
1335 967 1339 979 '

56 1059 182 1116 regnum
204 1045 292 1096 tuum
311 1039 491 1115 perveniam,
507 1038 560 1095 ubi
579 1057 641 1095 non
660 1039 693 1094 in
713 1038 870 1114 mysteriis,
893 1037 969 1095 sieut
992 1037 1025 1095 in
1048 1037 1104 1096 hoc
1128 1043 1261 1113 tempore

55 1121 163 1197 egitur,
180 1119 232 1177 sed
251 1118 326 1177 facie
347 1119 385 1177 ad
406 1118 511 1176 faciem
531 1125 563 1176 te
584 1119 759 1192 videbimus,
780 1137 848 1177 cum
870 1118 1026 1176 tradideris
1047 1137 1173 1196 regnum
1195 1117 1260 1175 Deo

56 1200 151 1272 Patri,
166 1206 198 1258 et
218 1200 299 1258 Deus
320 1200 378 1258 erit
397 1200 497 1258 omnia
516 1199 550 1256 in
570 1200 713 1260 omnibus.
757 1199 840 1257 Tunc
862 1198 942 1256 enim
961 1219 1010 1256 me
1030 1198 1067 1258 de
1086 1207 1117 1257 te
1139 1197 1261 1256 satiabis

55 1282 195 1340 satietate
207 1280 340 1354 mirifica,
355 1283 399 1338 ita
408 1288 444 1338 ut
458 1299 554 1357 neque
568 1281 695 1338 esuriam
707 1299 804 1357 neque
817 1280 917 1337 sitiam
930 1280 964 1336 in
977 1285 1128 1338 aeternum.

120 1519 246 1590 Quando
263 1519 412 1596 presbyter
433 1518 512 1577 decet
533 1539 641 1578 manus
664 1538 735 1577 suas
757 1527 825 1577 osste
846 1517 972 1576 Muscas
995 1517 1075 1576 dicct
1097 1516 1174 1575 hace
1196 1536 1261 1574 ora·

57 1600 172 1660 tionem.

118 1696 241 1773 Largire
263 1696 395 1755 sensibus
416 1698 534 1770 nostris,
550 1697 734 1774 omnipotens
754 1695 854 1769 Pater,
876 1701 912 1753 ut
933 1695 1011 1753 sicut
1029 1694 1078 1753 hic
1098 1694 1262 1753 abluuntur

56 1777 284 1854 inquinamenta
304 1797 468 1851 manuum3
498 1779 542 1836 ita
563 1799 581 1837 a
600 1785 631 1836 te
651 1778 834 1835 mundentur
854 1777 1033 1854 pollutiones
1054 1776 1210 1847 mentium,
1231 1781 1262 1834 et

57 1863 168 1916 crescet
200 1859 233 1916 in
262 1859 348 1917 nobis
381 1865 575 1936 augmentum
608 1865 777 1917 sanctarum
803 1857 960 1916 virtutum.
1021 1857 1081 1915 Per
1108 1856 1259 1915 Christum

57 1939 230 1997 Dominum

119 2019 298 2095 Antiphone.

119 2100 257 2159 Introibo
269 2101 309 2159 ad
320 2099 414 2158 altore
428 2100 494 2174 Dei,
508 2101 546 2159 ad
559 2101 659 2160 Deum
673 2101 725 2178 qui
738 2101 869 2159 laetificat
878 2101 1070 2178 juventutem
1082 2119 1186 2158 meam.

119 2181 170 2241 Pe.
212 2181 235 2239 J
235 2181 321 2240 udica
334 2201 388 2254 me,
405 2181 498 2254 Deus,
513 2188 543 2240 et
556 2183 687 2240 discerne
701 2202 768 2241 cum
781 2181 884 2240 Gloria
897 2181 984 2240 Patri
997 2187 1027 2239 et
1041 2181 1126 2240 Filio.

211 2262 308 2338 Kyrie
321 2261 445 2338 eleyson
490 2263 608 2322 Christe
621 2264 748 2340 eleyson.
791 2263 889 2340 Kyrie
901 2264 1021 2340 eleyson

209 2343 300 2400 Pater
312 2349 421 2402 noster.
461 2343 503 2401 Et
517 2364 555 2402 ne
568 2364 629 2402 nos

210 2422 358 2482 'Ostende
371 2423 464 2496 nobis,
480 2422 616 2485 Domine.

212 2504 382 2563 Sacerdotes
395 2505 442 2562 tui
454 2505 625 2564 induantur.

212 2583 341 2643 Domine
355 2585 471 2644 exaudi
514 2587 556 2644 Et
570 2586 687 2644 clamor.

212 2664 360 2724 Dominus
373 2667 533 2725 vobiscum.

121 2745 264 2805 Actiones
289 2754 414 2820 nostras,
443 2766 619 2824 quaesumus,
649 2745 787 2818 Domine,
817 2745 974 2823 aspirando
1000 2744 1139 2822 praeveni,
1162 2749 1193 2802 et
1216 2744 1266 2802 ad-

56 2827 192 2906 juvando
211 2846 406 2905 prosequere:
426 2836 462 2886 ut
479 2834 586 2886 cuncta
603 2833 705 2884 nostre
726 2826 857 2903 operatio
871 2832 978 2884 etate
997 2845 1112 2902 semper
1131 2825 1255 2901 incipiat

61 2915 92 2966 et
105 2914 203 2986 perte
216 2915 309 2985 caepta
321 2909 450 2966 finietur.
494 2909 553 2967 Per
568 2908 733 2966 Dominum
746 2912 889 2965 nostrum

121 2988 222 3047 Aures
241 2996 302 3047 tuae
321 2990 449 3067 pietatis,
464 2990 618 3047 mitissime
632 2989 723 3061 Deus,
738 2988 850 3045 inclina
869 2987 1005 3064 precibus
1017 2986 1099 3059 meis,
1115 2993 1146 3044 et
1168 2986 1263 3063 gratis

61 3069 165 3128 Sancti
185 3069 313 3147 Spiritus
332 3070 469 3128 illumina
482 3090 532 3129 cor
545 3090 664 3142 meum;
684 3075 719 3127 ut
739 3069 800 3126 tuis
817 3068 966 3144 mysteriis
986 3068 1073 3144 digne
1086 3067 1264 3139 ministrare,

60 3157 150 3228 teque
170 3158 280 3209 aeterns
300 3147 423 3210 caritate
443 3152 575 3229 diligere,
593 3157 624 3209 et
644 3151 824 3228 sempiterna
843 3149 951 3227 gaudis
974 3149 1123 3227 percipere
1143 3167 1264 3206 merear.

63 3232 122 3290 Per
136 3231 297 3291 Christum.

69 3551 95 3611 V
123 3469 410 3609 Saeeydosistsroiccs
420 3471 568 3530 additare
582 3481 608 3531 et
615 3471 860 3549 processisset
870 3471 905 3530 ia
918 3469 1019 3530 ordine
1027 3469 1179 3529 Ministras
1188 3469 1268 3528 dieat

91 3572 184 3610 mesu
195 3572 255 3610 om.

123 3648 314 3708 Confitemini
333 3649 463 3710 Domino
484 3650 624 3728 quoniam
643 3650 759 3710 bonus:
783 3649 923 3728 quoniam
943 3648 976 3706 in
996 3649 1137 3707 saeculum
1155 3648 1257 3707 miseri

64 3729 165 3789 cordia
177 3731 248 3806 ejus.

126 3808 280 3886 Confessio,

125 3888 275 3950 Confiteor
294 3890 368 3964 Deo,
387 3892 481 3950 beatae
497 3892 610 3966 Mariae,
627 3892 763 3950 omnibus
783 3891 901 3965 sanctis,
915 3897 947 3950 et
959 3891 1051 3966 vobis,
1066 3892 1182 3964 fratres,
1197 3889 1268 3968 quia

60 3991 117 4050 ego
130 3978 266 4048 peccator
282 3973 401 4050 peceavi
417 3973 507 4030 nimis
525 3973 619 4045 corde,
635 3993 692 4045 ore,
708 3992 803 4049 opere,
818 3972 983 4045 omissione,
999 3993 1065 4031 mea
1078 3973 1181 4049 culpe:
1201 3971 1268 4029 ideo

60 4071 166 4130 precor
185 4053 423 4130 gloriosissimam
443 4053 503 4112 Dei
515 4054 693 4131 genetricem
713 4052 843 4111 Mariam
862 4059 894 4112 et
914 4073 1015 4112 omnes
1035 4059 1151 4112 sanctos
1165 4051 1224 4109 Dei
1236 4057 1268 4108 et

63 4153 118 4190 vos
131 4153 216 4192 orare
228 4154 282 4211 pro
295 4153 350 4194 me.

124 4214 304 4273 Miserestur
323 4214 416 4274 vestri
436 4215 621 4292 omnipotens
642 4215 732 4288 Deus,
748 4219 778 4272 et
792 4215 926 4274 dimittat
939 4215 1024 4273 vobis
1037 4213 1136 4273 omnia
1148 4216 1264 4289 peccate

64 4300 163 4353 vestra
174 4315 184 4368 3
203 4296 310 4354 liberet
322 4314 375 4353 vos
388 4297 426 4353 ab
439 4296 521 4354 omni
535 4294 631 4370 malo;
651 4301 804 4354 conservet
817 4302 848 4354 et
861 4297 1014 4354 confirmet
1026 4295 1060 4352 in
1080 4294 1162 4352 omni
1181 4311 1268 4370 opere

64 4375 156 4450 b0n03
176 4382 208 4434 et
221 4377 363 4454 perducat
375 4396 429 4434 vos
441 4377 480 4435 ad
492 4378 586 4435 vitam
601 4383 749 4435 aeternsm.
794 4373 1062 4457 [Amen—MSS]

82 4526 96 4554 ⁸
105 4525 178 4580 MSS.
191 4526 251 4575 omit
260 4526 324 4573 from
331 4525 380 4574 this
387 4528 414 4573 to
421 4527 481 4573 next
488 4525 711 4574 rubrio-Sacerdos
720 4525 836 4585 introiere,
843 4527 880 4587 dc.
947 4524 1252 4587 ’sMSS-proeccdeatidus.
