2918 4986
481 371 666 437 Dominicis
680 371 750 436 III.
767 369 952 436 Adventus.
967 402 969 407 ·
1305 373 1348 432 5

125 540 245 596 Electus
258 558 349 611 meus,
366 537 543 614 complacuit
556 539 588 595 in
602 558 636 595 eo
650 537 749 595 anima
761 557 833 595 mea
877 538 955 595 Dedi
969 537 1107 615 spiritum
1123 556 1220 595 meum
1242 555 1331 614 super

124 622 202 692 eiam,
221 619 369 695 judicium
389 619 527 695 gentibus
546 619 683 695 proferet.
747 618 819 677 Non
839 618 986 691 clamabit,
1008 638 1104 695 neque
1124 617 1247 694 accipiet
1267 637 1330 694 per-

124 720 237 772 sonam,
257 719 354 776 neque
374 699 512 757 audietur
532 700 603 757 ioris
622 719 683 756 vox
703 700 772 774 ejus.
822 698 1166 775 Oalamumquassatum
1187 717 1249 756 non
1265 717 1331 756 con-

124 787 210 854 teret,
226 786 257 838 et
270 780 384 856 lignum
404 781 551 857 fumigans
571 800 631 837 non
652 781 839 856 exstinguet:
859 780 892 837 in
909 781 1035 838 veritate
1052 780 1156 839 educet
1172 778 1326 855 judicium.

125 863 197 919 Non
217 861 275 918 erit
294 861 396 929 tristis,
411 880 506 937 neque
527 860 726 930 turbulentus,
741 861 832 918 donec
853 867 944 936 ponat
964 861 997 918 in
1016 867 1096 918 terra
1110 859 1276 937 judicium:
1300 867 1331 917 et

124 943 220 1019 legem
234 943 297 1016 ejus
310 942 415 999 insulae
429 942 636 1019 expectabunt.
679 942 743 1018 Ego
758 941 905 999 Dominus
919 941 1023 999 vocavi
1036 961 1104 999 eum
1117 941 1151 997 in
1160 940 1290 1017 justitia,
1300 945 1332 998 et

124 1022 307 1099 apprehendi
327 1042 448 1079 manum
468 1023 540 1098 ejus,
557 1027 587 1080 et
601 1023 722 1080 servavi
767 1022 808 1079 Et
828 1023 897 1080 dedi
918 1042 985 1080 enm
1006 1022 1038 1078 in
1059 1022 1154 1080 foedus
1173 1020 1284 1098 populi,
1301 1026 1331 1078 et

126 1105 159 1160 in
187 1104 282 1161 lucem
310 1103 465 1179 gentium:
499 1109 535 1160 ut
558 1104 685 1180 aperiret
706 1103 803 1160 oculos
824 1122 974 1176 caecorum,
999 1109 1030 1160 et
1053 1103 1189 1160 educeret
1210 1102 1246 1159 de
1266 1121 1332 1159 con-

123 1185 255 1241 clusione
266 1183 408 1256 vinctum,
423 1183 459 1242 de
473 1183 559 1241 domo
572 1184 694 1242 carceris
708 1184 858 1241 sedentem
871 1183 904 1240 in
913 1183 1051 1241 tenebris.
1096 1183 1160 1260 Ego
1174 1182 1330 1254 Dominus,

126 1266 183 1322 hoc
198 1271 242 1322 est
255 1284 363 1323 nomen
376 1284 491 1322 meum:
513 1264 636 1342 gloriam
650 1284 745 1322 meam
759 1264 846 1322 alteri
861 1283 921 1321 non
935 1264 1019 1335 dabo,
1035 1283 1089 1321 nec
1103 1263 1221 1321 laudem
1235 1281 1330 1320 meam

127 1345 322 1422 sculptilibus.
367 1344 440 1414 Quae
459 1345 557 1422 prima
571 1346 702 1416 fuerunt,
718 1364 783 1402 ecce
801 1350 964 1402 venerunt:
985 1364 1063 1402 nova
1083 1364 1199 1421 quoque
1219 1348 1333 1401 annun-

123 1427 187 1484 tio:
208 1432 367 1503 antequam
380 1426 524 1499 oriantur,
535 1426 639 1484 audita
651 1426 735 1483 vobis
747 1425 860 1483 faciam.
899 1425 1025 1482 Oantate
1039 1425 1169 1481 Domino
1183 1424 1332 1481 canticum

124 1527 258 1579 novum3
284 1507 349 1565 lans
369 1508 433 1583 ejus
454 1507 492 1564 ab
512 1507 652 1565 extremis
673 1512 776 1564 terrae:
806 1505 884 1575 Quia
904 1506 1051 1563 Dominus
1065 1505 1142 1563 sicut
1155 1504 1240 1562 fortis
1254 1523 1334 1581 egre-

126 1588 218 1659 ditur,
235 1593 266 1645 et
279 1588 356 1645 sicut
370 1588 417 1644 vir
429 1587 578 1664 praeliator
591 1587 746 1645 suscitabit
759 1587 861 1644 zelum.
1396 1593 1399 1597 '

187 1667 344 1743 Sequentia
357 1669 451 1726 sorceti
464 1668 619 1744 Eooapelic'
631 1670 789 1725 secundam
802 1668 842 1724 M
839 1688 941 1725 orcum
954 1667 990 1744 (i.
1008 1668 1084 1743 4-8)

188 1750 228 1806 In
247 1749 300 1806 illo
320 1755 458 1826 tempore,
475 1749 548 1806 Fuit
561 1749 584 1808 J
585 1749 714 1806 ohannes
735 1749 766 1805 in
787 1748 902 1806 deserto
926 1749 1078 1825 baptizans
1102 1767 1192 1822 osque
1219 1748 1259 1803 od
1283 1745 1334 1804 ille

124 1829 197 1889 v'ero
211 1830 375 1906 baptizabit
390 1850 440 1888 vos
455 1829 570 1907 Spiritu
584 1829 700 1887 Sancte.

410 2014 571 2073 Dommos
592 2030 702 2072 usuris
723 2015 894 2072 Anvsurus
915 2015 1045 2073 Domui.

193 2105 332 2180 Officium.
1001 2153 1004 2159 .

189 2187 323 2244 Gaudete
337 2187 370 2243 in
383 2187 513 2245 Domino
528 2208 658 2265 semper:
680 2188 788 2245 iterum
808 2189 882 2261 dico,
896 2190 1029 2265 gaudete.
1074 2189 1223 2247 Modestia
1235 2194 1335 2247 vestra

127 2273 201 2326 nota
220 2268 260 2325 sit
280 2268 416 2326 omnibus
435 2268 622 2327 hominibus:
644 2268 791 2327 Dominus
811 2288 902 2346 prope
922 2276 973 2328 est.
1017 2269 1104 2327 Nihil
1118 2269 1238 2328 solliciti
1251 2269 1316 2328 sitis
1326 2290 1335 2342 3

128 2348 178 2406 sed
192 2349 226 2405 in
239 2349 321 2406 omni
334 2349 466 2407 oratione
479 2350 636 2426 petitiones
650 2355 755 2408 vestrae
770 2351 955 2408 innotescant
968 2351 1047 2429 apud
1062 2350 1167 2409 Deum.
1376 2348 1379 2353 ⁴

190 2428 337 2487 Psalmas.

144 2554 150 2562 .
178 2509 233 2566 -Et
245 2529 306 2586 pax
319 2510 378 2568 Dei
392 2516 456 2587 q'uae
471 2517 628 2589 exsuperat
643 2531 759 2569 omnem
773 2531 908 2570 sensum:
930 2513 1077 2571 custodiat
1092 2513 1180 2571 corde
1193 2518 1292 2571 vestra
1305 2517 1336 2569 et

133 2590 343 2666 intelligentias
356 2597 475 2649 vestras.

192 2671 302 2729 Oratio.

190 2752 306 2809 Aurem
326 2757 418 2825 tuam,
439 2773 614 2829 quaesumus,
636 2754 773 2827 Domine,
795 2755 930 2830 precibus
950 2755 1060 2812 nostris
1080 2755 1283 2813 accommoda:
1305 2761 1335 2812 et

135 2832 240 2890 mentis
260 2830 381 2889 nostrae'
391 2834 528 2891 tenebras
549 2834 646 2911 gratia
669 2841 729 2892 tuae
752 2835 932 2893 visitationis
955 2835 1080 2893 illustra
1125 2835 1185 2904 Qui
1205 2834 1281 2891 vivis
1305 2840 1336 2892 et

136 2933 236 2990 regnas
250 2913 338 2971 Deus.
383 2913 442 2972 Per
455 2915 555 2972 onmia
568 2914 674 2973 saecula
688 2915 869 2973 saeculorum.

191 2993 289 3052 Lectio
301 2992 441 3070 Epistola
454 2995 528 3053 beuti
540 2995 633 3052 Paua·
646 2994 777 3070 Apostoli
789 2997 830 3053 od
844 2995 1008 3055 Corinthios
1021 2995 1056 3073 (l
1072 2996 1107 3053 iu.
1127 2995 1199 3073 1-5).

193 3074 322 3147 Fratres,
345 3075 393 3132 Sic
412 3095 466 3132 nos
487 3077 636 3134 existimet
661 3076 748 3133 homo
768 3082 805 3132 ut
824 3076 974 3134 ministros
987 3076 1106 3135 'Christi
1130 3097 1220 3151 aeque
1240 3077 1281 3133 ad
1306 3081 1336 3133 et

141 3159 208 3212 tunc
222 3154 286 3211 laus
300 3155 356 3213 erit
370 3156 530 3233 unicuique
543 3177 561 3214 a
575 3157 647 3214 Deo.

196 3233 329 3293 Graclala

196 3316 255 3385 Qui
268 3317 357 3388 sedes,
372 3317 509 3390 Domine,
525 3338 612 3395 super
626 3319 786 3391 Cherubin,
802 3319 901 3376 excita
913 3320 1078 3396 potentiam
1091 3326 1185 3392 tuam,
1200 3330 1231 3377 et
1243 3319 1320 3376 veni

146 3394 171 3452 V.
195 3397 254 3466 Qui
267 3398 344 3474 regis
357 3397 459 3470 Israel,
474 3399 614 3472 intende;
635 3401 688 3476 qni
702 3400 820 3459 deducis
834 3400 918 3458 velut
931 3419 1016 3458 ovem
1029 3401 1052 3458 J
1053 3400 1149 3477 oseph.
1183 3400 1333 3476 Alleluya

146 3474 171 3533 V.
193 3476 307 3615 {incita
323 3478 459 3551 Domine,
474 3481 639 3557 potentiam
652 3487 743 3554 tuam,
759 3487 789 3538 et
803 3481 882 3553 veni,
897 3487 933 3538 ut
946 3481 1041 3540 salvos
1054 3481 1144 3540 facias
1157 3501 1218 3539 nos.

195 3589 202 3614 ›
217 3559 358 3633 aquatile.

256 3639 316 3708 Qui
328 3639 405 3716 regis
418 3648 533 3718 sceptra
545 3642 616 3699 forti
629 3642 752 3700 dextera
766 3643 845 3700 solus
858 3649 972 3716 cuncta,

256 3719 302 3778 Tu
315 3719 395 3797 plebi
408 3727 467 3778 tuae
481 3723 601 3779 ostende
614 3743 751 3800 magnam
766 3723 922 3782 excitando
936 3724 1100 3801 potentiam
1111 3744 1120 3797 3

257 3799 370 3859 Praesta
382 3801 460 3859 dona
473 3802 518 3860 illi
531 3803 678 3861 salutaria

257 3881 352 3951 Quem
365 3882 568 3959 praedixerunt
581 3885 751 3961 prophetica
763 3885 913 3957 vaticinia,

257 3962 289 4018 A
302 3962 381 4020 clara
393 3963 454 4040 poli
467 3963 548 4040 regia

257 4042 297 4099 In
309 4049 411 4102 nostra
423 4043 446 4102 J
446 4041 528 4102 esum
542 4045 637 4117 mitte,
653 4045 791 4119 Domine,
806 4046 904 4104 arua*

153 4156 158 4163 ·
198 4122 364 4182 *tonandam
377 4124 552 4183 Matthaeam
565 4125 620 4203 (aa.
638 4126 732 4205 2-10).

197 4202 237 4260 In
258 4203 311 4261 illo
332 4211 471 4282 tempore,
495 4206 571 4264 Cum
593 4207 722 4264 audisset
745 4208 767 4265 J
769 4207 897 4266 ohannes
917 4208 950 4265 in
972 4208 1099 4266 vinculis
1119 4227 1208 4285 opera
1229 4205 1340 4264 Christi

145 4301 228 4358 usqae
241 4285 283 4341 ad
296 4285 349 4361 qui
361 4286 537 4364 praeparabit
550 4287 630 4344 viam
643 4293 727 4346 tuam
741 4295 810 4346 ante
824 4294 861 4346 te.

184 4449 197 4473 ⁸
213 4450 258 4495 Ita.
270 4448 343 4495 Mss,
356 4450 506 4496 O.D.-Edd.
537 4451 568 4496 In
578 4452 1027 4511 nostra,Jesu,mittc,Donrinc,arva.
1060 4455 1145 4504 Sarum
1162 4453 1209 4498 end
1224 4451 1343 4503 Hereford

145 4503 198 4553 Edd
230 4509 709 4568 111nosne,Jesu‚veni,Domine,arva.
964 4521 968 4530 ·
