2918 4986
454 428 502 492 In
522 427 586 493 Dia
607 427 833 494 Ascanaiona's.

470 634 510 692 In
530 652 585 692 om
605 635 818 694 Ascnrsrorus.

101 717 240 792 Officium.

100 799 171 856 Viri
190 797 314 870 Galilaei,
329 797 401 873 quid
418 796 606 854 admiramini
624 797 797 873 aspicientes
813 797 847 854 in
864 796 976 869 caelum,
991 796 1127 874 alleluya,
1144 817 1242 874 quem-

43 879 198 938 admodum
225 878 341 936 vidistis
368 897 436 936 eum
462 878 667 936 ascendentem
693 879 727 935 in
753 878 874 945 eaelum:
903 877 947 936 ita
972 879 1079 952 veniet,
1104 878 1240 956 alleluya,

43 960 176 1036 alleluya,
192 959 326 1035 alleluya.

100 1041 435 1197 gdinhdiidlntuerentur
448 1120 481 1177 in
495 1119 598 1177 caelum
609 1125 728 1177 euntem
741 1120 841 1178 illum:
855 1139 920 1178 ecce
933 1119 992 1178 duo
1007 1121 1065 1178 viri
1079 1120 1240 1180 astiterunt

38 1203 126 1279 juxta
139 1203 206 1260 illos
219 1202 252 1259 in
264 1202 395 1259 vestibus
408 1201 499 1259 albis:
522 1201 573 1277 qui
587 1207 617 1258 et
631 1201 780 1258 dixerunt.

100 1282 159 1340 Istc
174 1301 273 1340 vasus
280 1283 444 1359 praecedens
457 1282 574 1339 dautur
587 1282 621 1338 ia
635 1281 681 1339 die
697 1291 819 1339 tontum.

46 1363 74 1421 V.
103 1364 213 1421 Omnes
232 1370 332 1441 gentes
349 1363 480 1439 plaudite
493 1362 646 1419 manibus:
665 1362 792 1437 jubilate
807 1362 872 1419 Deo
886 1362 917 1418 in
931 1381 1002 1420 voce
1017 1362 1216 1422 exultationis.

98 1443 158 1502 Istc
175 1464 272 1502 oona
289 1444 405 1502 dicatur
419 1443 544 1520 qnotidie
562 1442 646 1518 infra
661 1443 790 1515 Octavus,
807 1452 833 1501 at
847 1443 936 1501 atium
949 1443 995 1501 dte
1009 1453 1109 1502 octova
1122 1445 1239 1519 quarceto

39 1525 72 1583 de
86 1524 258 1583 Asoaanoua
272 1525 395 1584 conitor.

99 1606 208 1664 Oratio.

99 1686 239 1758 Concede,
256 1705 430 1762 quaesumus,
447 1685 632 1761 omnipotens
649 1685 741 1757 Deus,
756 1685 857 1761 utqui
876 1685 1019 1743 hodierna
1033 1686 1082 1743 die
1096 1685 1240 1763 Unigeni-

38 1775 104 1824 tum
130 1773 217 1824 tuum
245 1767 458 1843 redemptorem
485 1775 619 1824 nostrum
643 1766 681 1823 ad
708 1765 793 1822 caelos
819 1766 982 1824 ascendisse
1006 1766 1158 1841 credimus,
1181 1767 1238 1844 ipsi

38 1867 154 1924 quoque
167 1854 266 1905 mente
280 1848 313 1904 in
327 1847 489 1905 caelestibus
503 1847 677 1906 habitemus.
729 1847 788 1904 Per
801 1846 934 1906 eundem.

97 1944 195 2001 Lectio
208 1944 335 2001 Actutum
348 1943 550 2018 Apostolorum
563 1943 599 2020 (i
619 1943 711 2020 1-11).
1125 2008 1127 2011 .
1272 2013 1273 2016 Ἴ

97 2025 233 2083 Primum
247 2025 366 2101 quidem
380 2044 542 2082 sermonem
559 2025 613 2081 ieci
629 2024 664 2082 de
678 2024 822 2096 omnibus,
839 2024 864 2082 Ο
887 2024 1057 2100 Theophila,
1071 2045 1135 2101 quse
1150 2027 1238 2102 coepit

36 2105 57 2163 J
59 2125 125 2163 esus
146 2106 240 2163 facere
260 2111 291 2163 et
304 2105 407 2162 docere
428 2125 517 2180 nsque
535 2107 576 2162 ud
597 2105 638 2163 sio
651 2106 761 2178 veniet,
777 2104 1025 2182 quemadmodum
1038 2105 1155 2164 vidistis
1169 2127 1237 2166 eum

38 2193 156 2247 euntem
170 2187 202 2243 in
217 2186 327 2244 caelum.

95 2267 243 2342 Alleluya.
292 2267 320 2325 V.
350 2266 495 2324 Ascendit
517 2266 599 2324 Deus
620 2267 653 2324 in
670 2266 866 2344 jubilatione:
896 2273 926 2325 et
949 2267 1096 2325 Dominus
1115 2268 1148 2325 in
1166 2288 1237 2327 voce

35 2349 242 2504 tllbahlleluys.
291 2427 321 2487 V.
343 2427 515 2485 Ascendens
530 2428 665 2486 Christus
685 2429 718 2486 in
738 2427 851 2487 altum:
872 2429 1019 2504 captivam
1039 2429 1127 2518 duxit
1147 2432 1236 2508 capti-

35 2509 167 2582 vitatem,
181 2509 262 2566 dedit
276 2509 353 2567 dona
366 2508 541 2567 hominibus.
612 2541 615 2547 ·

91 2590 255 2665 Sequentia.

31 2670 101 2728 'Rex
115 2671 309 2746 omnipotens,
326 2670 373 2728 die
386 2669 536 2742 hodierna,
552 2669 708 2746 alleluya*

35 2750 150 2809 Mundo
163 2751 337 2827 triumphali
351 2751 502 2827 redempto
515 2752 656 2827 potentia,

35 2830 141 2890 Victor
154 2832 286 2890 ascendit
299 2833 392 2904 caelos,
408 2832 486 2889 unde
500 2832 694 2889 descenderat.

34 2911 112 2970 Nam
128 2912 323 2990 quadraginta
336 2919 492 2990 postquam
506 2919 675 2970 surrexerat

33 2992 146 3051 Diebus
159 2994 248 3050 sacris
262 2995 436 3051 confirmans
449 2999 567 3069 pectora

32 3074 251 3150 Apostolorum,
266 3075 345 3150 pacis
359 3094 426 3132 cara
439 3074 608 3149 relinquens
622 3073 728 3145 oscula,

33 3154 146 3223 Quibus
160 3162 191 3212 et
205 3155 287 3212 dedit
299 3161 473 3232 potestatem
487 3155 608 3212 laxandi
622 3154 753 3227 crimina,

31 3234 72 3292 Et
85 3236 168 3293 misit
181 3255 229 3293 eos
242 3236 275 3293 in
289 3236 443 3308 mundum,
458 3236 605 3311 baptizare
619 3240 738 3293 cunctas
753 3233 874 3307 animas,

30 3315 69 3372 In
83 3316 183 3374 Patris
193 3324 223 3374 et
238 3316 310 3373 Filii
322 3323 352 3374 et
367 3317 495 3392 Spiritus
510 3316 611 3374 Sancti
624 3315 779 3373 clementia
790 3335 799 3388 3

30 3395 72 3452 Et
84 3416 267 3468 convescens,
282 3397 420 3474 praecepit
434 3397 475 3454 eis
489 3398 526 3454 ab
540 3397 756 3472 Hierosolymis

29 3475 78 3534 Ne
91 3477 217 3550 abirent,
231 3478 281 3535 sed
295 3484 484 3554 expectarent
497 3479 638 3554 promissa
652 3497 792 3550 munera,

27 3556 61 3613 N
61 3577 100 3614 on
113 3559 303 3634 postmultos
316 3560 395 3617 enim
409 3558 471 3615 dies
484 3558 602 3615 mittam
616 3559 699 3616 vobis
713 3558 858 3635 Spiritum
872 3557 1055 3615 Paraclitum
1068 3558 1101 3616 in
1115 3565 1202 3632 terra,

27 3638 70 3694 Et
84 3639 167 3696 eritis
180 3639 255 3696 mihi
267 3645 357 3696 testes
370 3640 402 3695 in
417 3639 613 3711 Hierusalem,
629 3639 650 3697 J
651 3639 744 3712 udaea,
759 3639 820 3696 sive
835 3638 975 3696 Samaria.

24 3718 68 3776 Et
83 3738 150 3776 cum
163 3719 219 3778 hoc
232 3720 364 3792 dixisset,
378 3719 545 3777 videntibus
559 3720 627 3791 illis,
644 3720 775 3777 elevatus
789 3727 842 3791 est,
858 3727 888 3777 et
902 3720 996 3777 nubes
1010 3719 1089 3779 clara

21 3799 164 3876 Suscepit
178 3819 245 3858 eum
259 3801 297 3858 ab
311 3820 412 3858 eorum
426 3801 523 3857 oculis.
568 3800 761 3858 Intuentibus
775 3800 835 3858 illis
849 3799 967 3874 aethera,

20 3880 101 3938 Ecce
115 3886 222 3938 stetere
235 3881 337 3938 amicti
349 3881 407 3938 duo
423 3881 479 3938 viri
496 3881 529 3938 in
542 3887 623 3939 veste
637 3882 704 3938 alba

17 3962 124 4019 Juxta
138 3961 275 4034 dicentes,
292 3962 371 4032 Quid
384 3961 572 4019 admiramini
585 3962 722 4019 caelorum
737 3961 817 4019 altat

14 4043 113 4101 «Iesus
127 4043 206 4099 enim
219 4042 277 4114 hic,
291 4043 521 4119 quiassumptus
534 4050 579 4113 est
592 4063 610 4100 a
624 4042 706 4099 vobis
719 4043 758 4099 ad
771 4042 870 4099 Patris
884 4042 1046 4119 dexteram,

17 4121 70 4182 Ut
85 4123 225 4199 aseendit,
240 4125 284 4181 ita
296 4124 404 4196 veniet,
420 4143 552 4200 quaerens
565 4123 673 4181 talenti
686 4123 832 4180 commissi
845 4124 934 4181 lucra.

10 4205 46 4263 Ο
63 4204 148 4262 Deus
161 4205 259 4276 maris,
275 4204 342 4280 poli,
358 4204 430 4276 arvi,
445 4204 594 4261 hominem
608 4204 661 4280 qui
674 4205 786 4275 creasti,
802 4224 890 4280 quem
903 4208 1012 4266 fraude
1025 4207 1149 4265 subdola

15 4282 132 4342 Hostis
146 4285 264 4362 expulit
276 4285 410 4362 paradiso
425 4291 454 4342 et
468 4286 650 4361 captivatum
664 4304 762 4342 secum
775 4288 871 4345 traxit
883 4288 921 4345 ad
934 4295 1054 4360 tartara,

10 4365 176 4443 Sanguine
190 4366 309 4444 proprio
323 4385 411 4442 quem
424 4366 574 4423 redemisti
588 4367 677 4435 Deus,
838 4357 843 4385 ¹

10 4442 99 4504 Illuc
114 4454 145 4506 et
157 4446 304 4526 provehis,
317 4446 395 4505 unde
408 4447 490 4524 prius
503 4447 624 4519 corruit,
638 4447 766 4524 paradisi
778 4450 892 4526 gaudia.

551 4572 622 4618 'Om
639 4573 711 4624 Mss,
735 4584 738 4589 ·
