<?xml version="1.0" encoding="UTF-8"?>
<!DOCTYPE html PUBLIC "-//W3C//DTD XHTML 1.0 Transitional//EN"
    "http://www.w3.org/TR/xhtml1/DTD/xhtml1-transitional.dtd">
<html xmlns="http://www.w3.org/1999/xhtml" xml:lang="en" lang="en">
 <head>
  <title>
</title>
<meta http-equiv="Content-Type" content="text/html;charset=utf-8" />
  <meta name='ocr-system' content='tesseract 3.04.00' />
  <meta name='ocr-capabilities' content='ocr_page ocr_carea ocr_par ocr_line ocrx_word'/>
</head>
<body>
  <div class='ocr_page' id='page_1' title='image "./missaleadusumin03churgoog_0189.png"; bbox 0 0 2886 4994; ppageno 0'>
   <div class='ocr_carea' id='block_1_1' title="bbox 235 414 1250 502">
    <p class='ocr_par' dir='ltr' id='par_1_1' title="bbox 235 414 1250 502">
     <span class='ocr_line' id='line_1_1' title="bbox 235 414 1250 502; baseline 0.004 -23"><span class='ocrx_word' id='word_1_1' title='bbox 235 414 303 480; x_wconf 84' lang='lat' dir='ltr'><em>Per</em></span> <span class='ocrx_word' id='word_1_2' title='bbox 322 414 441 481; x_wconf 74' lang='lat' dir='ltr'><em>Perias</em></span> <span class='ocrx_word' id='word_1_3' title='bbox 462 414 687 482; x_wconf 76' lang='lat' dir='ltr'><em>Hebdomada</em></span> <span class='ocrx_word' id='word_1_4' title='bbox 706 414 730 482; x_wconf 89' lang='lat' dir='ltr'><em>i.</em></span> <span class='ocrx_word' id='word_1_5' title='bbox 749 422 825 502; x_wconf 84' lang='lat' dir='ltr'><em>post</em></span> <span class='ocrx_word' id='word_1_6' title='bbox 849 416 911 484; x_wconf 90' lang='lat' dir='ltr'><em>Oet.</em></span> <span class='ocrx_word' id='word_1_7' title='bbox 933 416 1076 482; x_wconf 77' lang='lat' dir='ltr'><em>Posala.</em></span> <span class='ocrx_word' id='word_1_8' title='bbox 1186 419 1250 502; x_wconf 82' lang='grc'><em>139</em></span> 
     </span>
    </p>
   </div>
   <div class='ocr_carea' id='block_1_2' title="bbox 15 579 1252 840">
    <p class='ocr_par' dir='ltr' id='par_1_2' title="bbox 15 579 1252 840">
     <span class='ocr_line' id='line_1_2' title="bbox 115 579 1252 659; baseline 0.002 -19"><span class='ocrx_word' id='word_1_9' title='bbox 115 579 257 640; x_wconf 82' lang='lat' dir='ltr'><em>Omnibns</em></span> <span class='ocrx_word' id='word_1_10' title='bbox 276 581 440 641; x_wconf 70' lang='lat' dir='ltr'><em>Dominicis</em></span> <span class='ocrx_word' id='word_1_11' title='bbox 459 583 670 642; x_wconf 79' lang='lat' dir='ltr'><em>domininatiter</em></span> <span class='ocrx_word' id='word_1_12' title='bbox 682 583 767 642; x_wconf 78' lang='lat' dir='ltr'><em>dietis</em></span> <span class='ocrx_word' id='word_1_13' title='bbox 783 584 818 641; x_wconf 79' lang='lat' dir='ltr'><em>ab</em></span> <span class='ocrx_word' id='word_1_14' title='bbox 841 583 954 642; x_wconf 59' lang='lat' dir='ltr'><em>Ontonia</em></span> <span class='ocrx_word' id='word_1_15' title='bbox 969 583 1087 642; x_wconf 74' lang='lat' dir='ltr'><em>Pascha</em></span> <span class='ocrx_word' id='word_1_16' title='bbox 1106 603 1197 659; x_wconf 84' lang='lat' dir='ltr'><em>usqne</em></span> <span class='ocrx_word' id='word_1_17' title='bbox 1209 583 1252 641; x_wconf 73' lang='lat' dir='ltr'><em>oei</em></span> 
     </span>
     <span class='ocr_line' id='line_1_3' title="bbox 51 660 1145 740; baseline 0.003 -21"><span class='ocrx_word' id='word_1_18' title='bbox 51 660 253 721; x_wconf 77' lang='lat' dir='ltr'><em>Ascensiotnm</em></span> <span class='ocrx_word' id='word_1_19' title='bbox 266 662 389 721; x_wconf 85' lang='lat' dir='ltr'><em>Domini</em></span> <span class='ocrx_word' id='word_1_20' title='bbox 402 664 509 721; x_wconf 82' lang='lat' dir='ltr'><em>dieitur</em></span> <span class='ocrx_word' id='word_1_21' title='bbox 521 663 676 739; x_wconf 76' lang='lat' dir='ltr'><em>Sequentia</em></span> <span class='ocrx_word' id='word_1_22' title='bbox 687 664 827 739; x_wconf 83' lang='lat' dir='ltr'><em>Victimse</em></span> <span class='ocrx_word' id='word_1_23' title='bbox 841 664 984 738; x_wconf 84' lang='lat' dir='ltr'><em>Paeohali,</em></span> <span class='ocrx_word' id='word_1_24' title='bbox 999 673 1033 721; x_wconf 87' lang='lat' dir='ltr'><em>nt</em></span> <span class='ocrx_word' id='word_1_25' title='bbox 1046 684 1145 740; x_wconf 80' lang='lat' dir='ltr'><em>snpra.</em></span> 
     </span>
     <span class='ocr_line' id='line_1_4' title="bbox 15 759 678 840; baseline 0.002 -21"><span class='ocrx_word' id='word_1_26' title='bbox 15 766 18 779; x_wconf 86' lang='grc'><strong>“</strong></span> <span class='ocrx_word' id='word_1_27' title='bbox 114 759 281 820; x_wconf 80' lang='lat' dir='ltr'><em>Seannctnna</em></span> <span class='ocrx_word' id='word_1_28' title='bbox 294 760 460 819; x_wconf 80' lang='lat' dir='ltr'><em>Jotoooen</em></span> <span class='ocrx_word' id='word_1_29' title='bbox 481 763 546 839; x_wconf 82' lang='lat' dir='ltr'><em>(aa.</em></span> <span class='ocrx_word' id='word_1_30' title='bbox 564 761 678 840; x_wconf 87' lang='lat'>19-31)</span> 
     </span>
    </p>
   </div>
   <div class='ocr_carea' id='block_1_3' title="bbox 51 852 1254 1737">
    <p class='ocr_par' dir='ltr' id='par_1_3' title="bbox 51 852 1253 1010">
     <span class='ocr_line' id='line_1_5' title="bbox 113 852 1253 930; baseline 0 -20"><span class='ocrx_word' id='word_1_31' title='bbox 113 853 154 910; x_wconf 92' lang='lat' dir='ltr'><em>In</em></span> <span class='ocrx_word' id='word_1_32' title='bbox 174 854 226 910; x_wconf 85' lang='lat' dir='ltr'><em>illo</em></span> <span class='ocrx_word' id='word_1_33' title='bbox 246 860 386 930; x_wconf 88' lang='lat' dir='ltr'><em>tempore,</em></span> <span class='ocrx_word' id='word_1_34' title='bbox 408 854 484 912; x_wconf 83' lang='lat' dir='ltr'><em>Oum</em></span> <span class='ocrx_word' id='word_1_35' title='bbox 504 861 581 912; x_wconf 87' lang='lat' dir='ltr'><em>esset</em></span> <span class='ocrx_word' id='word_1_36' title='bbox 600 873 663 912; x_wconf 85' lang='lat' dir='ltr'><em>sero</em></span> <span class='ocrx_word' id='word_1_37' title='bbox 683 853 802 912; x_wconf 81' lang='lat' dir='ltr'><em>dioillo</em></span> <span class='ocrx_word' id='word_1_38' title='bbox 822 874 882 911; x_wconf 87' lang='lat' dir='ltr'><em>una</em></span> <span class='ocrx_word' id='word_1_39' title='bbox 903 853 1107 926; x_wconf 80' lang='lat' dir='ltr'><em>Sabbetorum,</em></span> <span class='ocrx_word' id='word_1_40' title='bbox 1122 858 1152 910; x_wconf 87' lang='lat' dir='ltr'><em>et</em></span> <span class='ocrx_word' id='word_1_41' title='bbox 1167 852 1253 921; x_wconf 75' lang='lat' dir='ltr'><em>iores</em></span> 
     </span>
     <span class='ocr_line' id='line_1_6' title="bbox 51 933 1210 1010; baseline -0.002 -17"><span class='ocrx_word' id='word_1_42' title='bbox 51 940 151 993; x_wconf 64' lang='lat' dir='ltr'><em>meent</em></span> <span class='ocrx_word' id='word_1_43' title='bbox 164 935 268 991; x_wconf 82' lang='lat' dir='ltr'><em>clausae</em></span> <span class='ocrx_word' id='word_1_44' title='bbox 281 954 371 1010; x_wconf 83' lang='lat' dir='ltr'><em>usqne</em></span> <span class='ocrx_word' id='word_1_45' title='bbox 383 936 424 992; x_wconf 82' lang='lat' dir='ltr'><em>ad</em></span> <span class='ocrx_word' id='word_1_46' title='bbox 438 935 479 992; x_wconf 89' lang='lat' dir='ltr'><em>Et</em></span> <span class='ocrx_word' id='word_1_47' title='bbox 491 941 527 994; x_wconf 89' lang='lat' dir='ltr'><em>ut</em></span> <span class='ocrx_word' id='word_1_48' title='bbox 540 935 689 994; x_wconf 84' lang='lat' dir='ltr'><em>eredentes</em></span> <span class='ocrx_word' id='word_1_49' title='bbox 702 936 797 993; x_wconf 85' lang='lat' dir='ltr'><em>vitam</em></span> <span class='ocrx_word' id='word_1_50' title='bbox 812 934 945 993; x_wconf 82' lang='lat' dir='ltr'><em>habeatis</em></span> <span class='ocrx_word' id='word_1_51' title='bbox 960 934 994 992; x_wconf 91' lang='lat' dir='ltr'><em>in</em></span> <span class='ocrx_word' id='word_1_52' title='bbox 1006 934 1127 992; x_wconf 85' lang='lat' dir='ltr'><em>nomine</em></span> <span class='ocrx_word' id='word_1_53' title='bbox 1139 933 1210 1010; x_wconf 87' lang='lat' dir='ltr'><em>ejus.</em></span> 
     </span>
    </p>

    <p class='ocr_par' dir='ltr' id='par_1_4' title="bbox 115 1014 308 1170">
     <span class='ocr_line' id='line_1_7' title="bbox 115 1014 308 1170; baseline -0.005 -17"><span class='ocrx_word' id='word_1_54' title='bbox 115 1014 308 1170; x_wconf 62' lang='lat' dir='ltr'><em>Silta</em></span> 
     </span>
    </p>

    <p class='ocr_par' dir='ltr' id='par_1_5' title="bbox 53 1175 1253 1335">
     <span class='ocr_line' id='line_1_8' title="bbox 114 1175 1253 1252; baseline 0 -19"><span class='ocrx_word' id='word_1_55' title='bbox 114 1176 250 1252; x_wconf 80' lang='lat' dir='ltr'>Angelus</span> <span class='ocrx_word' id='word_1_56' title='bbox 277 1175 400 1234; x_wconf 84' lang='lat' dir='ltr'><em>Domini</em></span> <span class='ocrx_word' id='word_1_57' title='bbox 426 1175 576 1234; x_wconf 86' lang='lat' dir='ltr'><em>descendit</em></span> <span class='ocrx_word' id='word_1_58' title='bbox 602 1175 638 1234; x_wconf 85' lang='lat' dir='ltr'><em>de</em></span> <span class='ocrx_word' id='word_1_59' title='bbox 662 1177 740 1251; x_wconf 83' lang='lat' dir='ltr'><em>oaelo,</em></span> <span class='ocrx_word' id='word_1_60' title='bbox 769 1182 800 1236; x_wconf 93' lang='lat' dir='ltr'><em>et</em></span> <span class='ocrx_word' id='word_1_61' title='bbox 826 1175 904 1235; x_wconf 85' lang='lat' dir='ltr'><em>dixit</em></span> <span class='ocrx_word' id='word_1_62' title='bbox 930 1175 1103 1235; x_wconf 88' lang='lat' dir='ltr'><em>mulieribus</em></span> <span class='ocrx_word' id='word_1_63' title='bbox 1114 1195 1123 1248; x_wconf 91' lang='lat'>;</span> <span class='ocrx_word' id='word_1_64' title='bbox 1158 1176 1253 1246; x_wconf 81' lang='lat' dir='ltr'><em>Quem</em></span> 
     </span>
     <span class='ocr_line' id='line_1_9' title="bbox 53 1256 699 1335; baseline 0.003 -21"><span class='ocrx_word' id='word_1_65' title='bbox 53 1256 210 1334; x_wconf 66' lang='lat' dir='ltr'><em>quaeritis?</em></span> <span class='ocrx_word' id='word_1_66' title='bbox 232 1258 361 1315; x_wconf 87' lang='lat' dir='ltr'><em>surrexit</em></span> <span class='ocrx_word' id='word_1_67' title='bbox 374 1256 451 1315; x_wconf 86' lang='lat' dir='ltr'><em>sieut</em></span> <span class='ocrx_word' id='word_1_68' title='bbox 464 1257 548 1330; x_wconf 87' lang='lat' dir='ltr'><em>dixit,</em></span> <span class='ocrx_word' id='word_1_69' title='bbox 564 1256 699 1335; x_wconf 77' lang='lat' dir='ltr'>alleluya.</span> 
     </span>
    </p>

    <p class='ocr_par' dir='ltr' id='par_1_6' title="bbox 54 1336 1254 1737">
     <span class='ocr_line' id='line_1_10' title="bbox 114 1336 1254 1494; baseline -0.003 -18"><span class='ocrx_word' id='word_1_70' title='bbox 114 1336 236 1494; x_wconf 35' lang='lat' dir='ltr'><em>§vigilie</em></span> <span class='ocrx_word' id='word_1_71' title='bbox 257 1437 388 1488; x_wconf 88' lang='lat' dir='ltr'><em>munera,</em></span> <span class='ocrx_word' id='word_1_72' title='bbox 411 1437 586 1494; x_wconf 84' lang='lat' dir='ltr'><em>quaesumus,</em></span> <span class='ocrx_word' id='word_1_73' title='bbox 610 1417 746 1489; x_wconf 83' lang='lat' dir='ltr'><em>Domine,</em></span> <span class='ocrx_word' id='word_1_74' title='bbox 771 1417 948 1476; x_wconf 84' lang='lat' dir='ltr'><em>exsultantis</em></span> <span class='ocrx_word' id='word_1_75' title='bbox 969 1416 1109 1476; x_wconf 82' lang='lat' dir='ltr'><em>Eoclesias</em></span> <span class='ocrx_word' id='word_1_76' title='bbox 1116 1436 1126 1490; x_wconf 82' lang='lat'>3</span> <span class='ocrx_word' id='word_1_77' title='bbox 1152 1415 1254 1474; x_wconf 21' lang='lat' dir='ltr'><em>etvoui</em></span> 
     </span>
     <span class='ocr_line' id='line_1_11' title="bbox 54 1497 1252 1601; baseline -0.003 -43"><span class='ocrx_word' id='word_1_78' title='bbox 54 1518 173 1558; x_wconf 82' lang='lat' dir='ltr'><em>oausam</em></span> <span class='ocrx_word' id='word_1_79' title='bbox 194 1499 274 1592; x_wconf 70' lang='lat' dir='ltr'><em>tanti</em></span> <span class='ocrx_word' id='word_1_80' title='bbox 298 1499 400 1576; x_wconf 84' lang='lat' dir='ltr'><em>gaudii</em></span> <span class='ocrx_word' id='word_1_81' title='bbox 425 1498 602 1575; x_wconf 74' lang='lat' dir='ltr'><em>praestitisti,</em></span> <span class='ocrx_word' id='word_1_82' title='bbox 626 1506 802 1577; x_wconf 88' lang='lat' dir='ltr'><em>perpetuum</em></span> <span class='ocrx_word' id='word_1_83' title='bbox 828 1499 958 1557; x_wconf 85' lang='lat' dir='ltr'><em>fructum</em></span> <span class='ocrx_word' id='word_1_84' title='bbox 985 1499 1109 1601; x_wconf 81' lang='lat' dir='ltr'><em>concede</em></span> <span class='ocrx_word' id='word_1_85' title='bbox 1131 1497 1252 1554; x_wconf 85' lang='lat' dir='ltr'><em>laetitiae.</em></span> 
     </span>
     <span class='ocr_line' id='line_1_12' title="bbox 54 1579 1159 1737; baseline -0.001 -21"><span class='ocrx_word' id='word_1_86' title='bbox 54 1579 298 1734; x_wconf 42' lang='lat' dir='ltr'><em>Perplzyeffiynt.</em></span> <span class='ocrx_word' id='word_1_87' title='bbox 308 1660 349 1718; x_wconf 85' lang='lat' dir='ltr'><em>Et</em></span> <span class='ocrx_word' id='word_1_88' title='bbox 362 1665 393 1717; x_wconf 89' lang='lat' dir='ltr'><em>te</em></span> <span class='ocrx_word' id='word_1_89' title='bbox 407 1660 525 1735; x_wconf 90' lang='lat' dir='ltr'><em>quidem</em></span> <span class='ocrx_word' id='word_1_90' title='bbox 540 1660 774 1736; x_wconf 88' lang='lat' dir='ltr'><em>omnitempore,</em></span> <span class='ocrx_word' id='word_1_91' title='bbox 790 1659 840 1718; x_wconf 87' lang='lat' dir='ltr'><em>sed</em></span> <span class='ocrx_word' id='word_1_92' title='bbox 853 1660 885 1718; x_wconf 92' lang='lat' dir='ltr'><em>in</em></span> <span class='ocrx_word' id='word_1_93' title='bbox 898 1659 953 1718; x_wconf 86' lang='lat' dir='ltr'><em>hoo</em></span> <span class='ocrx_word' id='word_1_94' title='bbox 967 1642 1159 1737; x_wconf 86' lang='lat' dir='ltr'><em>potissimum.</em></span> 
     </span>
    </p>
   </div>
   <div class='ocr_carea' id='block_1_4' title="bbox 54 1753 1254 2154">
    <p class='ocr_par' dir='ltr' id='par_1_7' title="bbox 54 1753 1254 2080">
     <span class='ocr_line' id='line_1_13' title="bbox 118 1753 1253 1836; baseline -0.002 -22"><span class='ocrx_word' id='word_1_95' title='bbox 118 1753 202 1836; x_wconf 87' lang='lat' dir='ltr'><em>[Haeo</em></span> <span class='ocrx_word' id='word_1_96' title='bbox 221 1756 363 1831; x_wconf 82' lang='lat' dir='ltr'><em>Praefatio</em></span> <span class='ocrx_word' id='word_1_97' title='bbox 383 1758 496 1814; x_wconf 80' lang='lat' dir='ltr'><em>dicetur</em></span> <span class='ocrx_word' id='word_1_98' title='bbox 515 1757 638 1832; x_wconf 77' lang='lat' dir='ltr'><em>sieepnlis</em></span> <span class='ocrx_word' id='word_1_99' title='bbox 658 1757 757 1816; x_wconf 74' lang='lat' dir='ltr'><em>anons</em></span> <span class='ocrx_word' id='word_1_100' title='bbox 776 1757 940 1816; x_wconf 79' lang='lat' dir='ltr'><em>Dominicis</em></span> <span class='ocrx_word' id='word_1_101' title='bbox 959 1777 1026 1815; x_wconf 81' lang='lat' dir='ltr'><em>onon</em></span> <span class='ocrx_word' id='word_1_102' title='bbox 1043 1758 1078 1814; x_wconf 83' lang='lat' dir='ltr'><em>de</em></span> <span class='ocrx_word' id='word_1_103' title='bbox 1096 1753 1253 1813; x_wconf 85' lang='lat' dir='ltr'><em>Dominioa</em></span> 
     </span>
     <span class='ocr_line' id='line_1_14' title="bbox 54 1835 1253 1913; baseline -0.002 -19"><span class='ocrx_word' id='word_1_104' title='bbox 54 1837 164 1913; x_wconf 73' lang='lat' dir='ltr'><em>opiter,</em></span> <span class='ocrx_word' id='word_1_105' title='bbox 184 1857 273 1913; x_wconf 80' lang='lat' dir='ltr'><em>usqae</em></span> <span class='ocrx_word' id='word_1_106' title='bbox 293 1839 334 1895; x_wconf 80' lang='lat' dir='ltr'><em>od</em></span> <span class='ocrx_word' id='word_1_107' title='bbox 353 1836 552 1896; x_wconf 76' lang='lat' dir='ltr'><em>Ascensionent</em></span> <span class='ocrx_word' id='word_1_108' title='bbox 575 1839 705 1895; x_wconf 80' lang='lat' dir='ltr'><em>Domini.</em></span> <span class='ocrx_word' id='word_1_109' title='bbox 745 1838 817 1897; x_wconf 85' lang='lat' dir='ltr'><em>Non</em></span> <span class='ocrx_word' id='word_1_110' title='bbox 840 1839 917 1897; x_wconf 80' lang='lat' dir='ltr'><em>ennn</em></span> <span class='ocrx_word' id='word_1_111' title='bbox 940 1838 1048 1896; x_wconf 82' lang='lat' dir='ltr'><em>dieitur</em></span> <span class='ocrx_word' id='word_1_112' title='bbox 1071 1836 1123 1894; x_wconf 73' lang='lat' dir='ltr'><em>*in</em></span> <span class='ocrx_word' id='word_1_113' title='bbox 1144 1835 1253 1894; x_wconf 80' lang='lat' dir='ltr'><em>Octava</em></span> 
     </span>
     <span class='ocr_line' id='line_1_15' title="bbox 55 1915 1254 1995; baseline -0.003 -19"><span class='ocrx_word' id='word_1_114' title='bbox 55 1937 146 1993; x_wconf 86' lang='lat' dir='ltr'><em>neque</em></span> <span class='ocrx_word' id='word_1_115' title='bbox 167 1916 250 1993; x_wconf 72' lang='lat' dir='ltr'><em>post*</em></span> <span class='ocrx_word' id='word_1_116' title='bbox 272 1917 330 1975; x_wconf 76' lang='lat' dir='ltr'><em>haeo</em></span> <span class='ocrx_word' id='word_1_117' title='bbox 353 1919 440 1975; x_wconf 80' lang='lat' dir='ltr'><em>dictio</em></span> <span class='ocrx_word' id='word_1_118' title='bbox 462 1918 510 1976; x_wconf 88' lang='lat' dir='ltr'><em>die</em></span> <span class='ocrx_word' id='word_1_119' title='bbox 532 1919 567 1975; x_wconf 89' lang='lat' dir='ltr'><em>in</em></span> <span class='ocrx_word' id='word_1_120' title='bbox 590 1918 769 1994; x_wconf 76' lang='lat' dir='ltr'><em>Praefatrone</em></span> <span class='ocrx_word' id='word_1_121' title='bbox 789 1939 879 1995; x_wconf 78' lang='lat' dir='ltr'><em>nepae</em></span> <span class='ocrx_word' id='word_1_122' title='bbox 906 1917 1171 1989; x_wconf 67' lang='lat' dir='ltr'><em>communicantes,</em></span> <span class='ocrx_word' id='word_1_123' title='bbox 1196 1915 1254 1974; x_wconf 85' lang='lat' dir='ltr'><em>sine</em></span> 
     </span>
     <span class='ocr_line' id='line_1_16' title="bbox 56 1997 595 2080; baseline 0.002 -23"><span class='ocrx_word' id='word_1_124' title='bbox 56 1998 146 2057; x_wconf 83' lang='lat' dir='ltr'><em>Hanc</em></span> <span class='ocrx_word' id='word_1_125' title='bbox 160 1999 252 2075; x_wconf 86' lang='lat' dir='ltr'><em>igitur</em></span> <span class='ocrx_word' id='word_1_126' title='bbox 265 1997 595 2080; x_wconf 65' lang='lat' dir='ltr'><em>oblationem-MSS]</em></span> 
     </span>
    </p>

    <p class='ocr_par' dir='ltr' id='par_1_8' title="bbox 118 2093 299 2154">
     <span class='ocr_line' id='line_1_17' title="bbox 118 2093 299 2154; baseline -0.011 0"><span class='ocrx_word' id='word_1_127' title='bbox 118 2093 299 2154; x_wconf 78' lang='lat' dir='ltr'><em>Communia.</em></span> 
     </span>
    </p>
   </div>
   <div class='ocr_carea' id='block_1_5' title="bbox 55 2173 1256 2335">
    <p class='ocr_par' dir='ltr' id='par_1_9' title="bbox 55 2173 1256 2335">
     <span class='ocr_line' id='line_1_18' title="bbox 118 2173 1256 2254; baseline -0.001 -22"><span class='ocrx_word' id='word_1_128' title='bbox 118 2175 209 2233; x_wconf 84' lang='lat' dir='ltr'><em>Mitte</em></span> <span class='ocrx_word' id='word_1_129' title='bbox 223 2195 343 2233; x_wconf 90' lang='lat' dir='ltr'><em>manum</em></span> <span class='ocrx_word' id='word_1_130' title='bbox 356 2181 449 2247; x_wconf 85' lang='lat' dir='ltr'><em>tuam,</em></span> <span class='ocrx_word' id='word_1_131' title='bbox 464 2181 495 2233; x_wconf 87' lang='lat' dir='ltr'><em>et</em></span> <span class='ocrx_word' id='word_1_132' title='bbox 507 2195 646 2254; x_wconf 82' lang='lat' dir='ltr'>cognosce</span> <span class='ocrx_word' id='word_1_133' title='bbox 659 2177 723 2235; x_wconf 87' lang='lat' dir='ltr'><em>loca</em></span> <span class='ocrx_word' id='word_1_134' title='bbox 735 2176 893 2249; x_wconf 79' lang='lat' dir='ltr'><em>clavorum,</em></span> <span class='ocrx_word' id='word_1_135' title='bbox 907 2176 1052 2253; x_wconf 80' lang='lat' dir='ltr'>alleluya:</span> <span class='ocrx_word' id='word_1_136' title='bbox 1073 2179 1104 2233; x_wconf 87' lang='lat' dir='ltr'><em>et</em></span> <span class='ocrx_word' id='word_1_137' title='bbox 1116 2173 1179 2232; x_wconf 90' lang='lat' dir='ltr'><em>noli</em></span> <span class='ocrx_word' id='word_1_138' title='bbox 1194 2191 1256 2232; x_wconf 82' lang='lat' dir='ltr'><em>esse</em></span> 
     </span>
     <span class='ocr_line' id='line_1_19' title="bbox 55 2255 702 2335; baseline 0.003 -21"><span class='ocrx_word' id='word_1_139' title='bbox 55 2255 223 2314; x_wconf 83' lang='lat' dir='ltr'><em>incredulus</em></span> <span class='ocrx_word' id='word_1_140' title='bbox 237 2257 287 2314; x_wconf 88' lang='lat' dir='ltr'><em>sed</em></span> <span class='ocrx_word' id='word_1_141' title='bbox 300 2256 403 2329; x_wconf 87' lang='lat' dir='ltr'><em>fidelis,</em></span> <span class='ocrx_word' id='word_1_142' title='bbox 418 2256 553 2334; x_wconf 81' lang='lat' dir='ltr'>alleluya,</span> <span class='ocrx_word' id='word_1_143' title='bbox 568 2258 702 2335; x_wconf 82' lang='lat' dir='ltr'>alleluya</span> 
     </span>
    </p>
   </div>
   <div class='ocr_carea' id='block_1_6' title="bbox 57 2349 1256 2652">
    <p class='ocr_par' dir='ltr' id='par_1_10' title="bbox 116 2349 356 2408">
     <span class='ocr_line' id='line_1_20' title="bbox 116 2349 356 2408; baseline 0.004 -2"><span class='ocrx_word' id='word_1_144' title='bbox 116 2349 356 2408; x_wconf 81' lang='lat' dir='ltr'><em>Postoomntnnio.</em></span> 
     </span>
    </p>

    <p class='ocr_par' dir='ltr' id='par_1_11' title="bbox 57 2429 1256 2652">
     <span class='ocr_line' id='line_1_21' title="bbox 119 2429 1256 2507; baseline -0.003 -20"><span class='ocrx_word' id='word_1_145' title='bbox 119 2431 302 2502; x_wconf 75' lang='lat' dir='ltr'>Quaesumus,</span> <span class='ocrx_word' id='word_1_146' title='bbox 323 2430 452 2487; x_wconf 88' lang='lat' dir='ltr'><em>Domine</em></span> <span class='ocrx_word' id='word_1_147' title='bbox 472 2429 555 2488; x_wconf 89' lang='lat' dir='ltr'><em>Deus</em></span> <span class='ocrx_word' id='word_1_148' title='bbox 575 2437 684 2504; x_wconf 88' lang='lat' dir='ltr'><em>noster,</em></span> <span class='ocrx_word' id='word_1_149' title='bbox 699 2437 735 2489; x_wconf 90' lang='lat' dir='ltr'><em>ut</em></span> <span class='ocrx_word' id='word_1_150' title='bbox 755 2436 937 2490; x_wconf 79' lang='lat' dir='ltr'><em>sacrosancta</em></span> <span class='ocrx_word' id='word_1_151' title='bbox 957 2429 1097 2507; x_wconf 85' lang='lat' dir='ltr'><em>mysteria</em></span> <span class='ocrx_word' id='word_1_152' title='bbox 1117 2449 1182 2506; x_wconf 82' lang='lat' dir='ltr'><em>quse</em></span> <span class='ocrx_word' id='word_1_153' title='bbox 1202 2446 1256 2506; x_wconf 91' lang='lat' dir='ltr'><em>pro</em></span> 
     </span>
     <span class='ocr_line' id='line_1_22' title="bbox 57 2511 1255 2589; baseline -0.003 -20"><span class='ocrx_word' id='word_1_154' title='bbox 57 2512 251 2588; x_wconf 75' lang='lat' dir='ltr'><em>reparationis</em></span> <span class='ocrx_word' id='word_1_155' title='bbox 275 2517 382 2568; x_wconf 86' lang='lat' dir='ltr'><em>nostrae</em></span> <span class='ocrx_word' id='word_1_156' title='bbox 408 2512 572 2569; x_wconf 87' lang='lat' dir='ltr'><em>munimine</em></span> <span class='ocrx_word' id='word_1_157' title='bbox 598 2512 758 2586; x_wconf 73' lang='lat' dir='ltr'><em>contulisti,</em></span> <span class='ocrx_word' id='word_1_158' title='bbox 788 2519 818 2571; x_wconf 88' lang='lat' dir='ltr'><em>et</em></span> <span class='ocrx_word' id='word_1_159' title='bbox 842 2531 968 2589; x_wconf 79' lang='lat' dir='ltr'><em>praesens</em></span> <span class='ocrx_word' id='word_1_160' title='bbox 987 2511 1072 2584; x_wconf 84' lang='lat' dir='ltr'><em>nobis</em></span> <span class='ocrx_word' id='word_1_161' title='bbox 1092 2511 1255 2569; x_wconf 85' lang='lat' dir='ltr'><em>remedium</em></span> 
     </span>
     <span class='ocr_line' id='line_1_23' title="bbox 59 2591 710 2652; baseline 0 -1"><span class='ocrx_word' id='word_1_162' title='bbox 59 2611 120 2651; x_wconf 81' lang='lat' dir='ltr'><em>asse</em></span> <span class='ocrx_word' id='word_1_163' title='bbox 133 2592 223 2650; x_wconf 82' lang='lat' dir='ltr'><em>facias</em></span> <span class='ocrx_word' id='word_1_164' title='bbox 237 2597 267 2649; x_wconf 88' lang='lat' dir='ltr'><em>et</em></span> <span class='ocrx_word' id='word_1_165' title='bbox 279 2591 422 2650; x_wconf 80' lang='lat' dir='ltr'><em>futurum.</em></span> <span class='ocrx_word' id='word_1_166' title='bbox 466 2592 525 2650; x_wconf 89' lang='lat' dir='ltr'><em>Per</em></span> <span class='ocrx_word' id='word_1_167' title='bbox 538 2592 710 2652; x_wconf 88' lang='lat' dir='ltr'><em>Dominum.</em></span> 
     </span>
    </p>
   </div>
   <div class='ocr_carea' id='block_1_7' title="bbox 417 2814 793 2875">
    <p class='ocr_par' dir='ltr' id='par_1_12' title="bbox 417 2814 793 2875">
     <span class='ocr_line' id='line_1_24' title="bbox 417 2814 793 2875; baseline 0.003 -1"><span class='ocrx_word' id='word_1_168' title='bbox 417 2823 419 2827; x_wconf 81' lang='grc'>’</span> <span class='ocrx_word' id='word_1_169' title='bbox 519 2814 620 2875; x_wconf 78' lang='lat' dir='ltr'><em>anm</em></span> <span class='ocrx_word' id='word_1_170' title='bbox 640 2816 793 2875; x_wconf 67' lang='lat' dir='ltr'><em>speum</em></span> 
     </span>
    </p>
   </div>
   <div class='ocr_carea' id='block_1_8' title="bbox 117 2969 938 3775">
    <p class='ocr_par' dir='ltr' id='par_1_13' title="bbox 120 2969 609 3048">
     <span class='ocr_line' id='line_1_25' title="bbox 120 2969 609 3048; baseline -0.004 -18"><span class='ocrx_word' id='word_1_171' title='bbox 120 2970 259 3046; x_wconf 83' lang='lat' dir='ltr'><em>Officium.</em></span> <span class='ocrx_word' id='word_1_172' title='bbox 303 2970 395 3041; x_wconf 82' lang='lat' dir='ltr'><em>Quasi</em></span> <span class='ocrx_word' id='word_1_173' title='bbox 408 2969 495 3029; x_wconf 89' lang='lat' dir='ltr'><em>modo</em></span> <span class='ocrx_word' id='word_1_174' title='bbox 507 2969 609 3048; x_wconf 80' lang='lat' dir='ltr'><em>geniti</em></span> 
     </span>
    </p>

    <p class='ocr_par' dir='ltr' id='par_1_14' title="bbox 118 3051 376 3110">
     <span class='ocr_line' id='line_1_26' title="bbox 118 3051 376 3110; baseline 0.004 -2"><span class='ocrx_word' id='word_1_175' title='bbox 118 3053 166 3110; x_wconf 77' lang='lat' dir='ltr'><em>Pe.</em></span> <span class='ocrx_word' id='word_1_176' title='bbox 210 3051 376 3109; x_wconf 84' lang='lat' dir='ltr'><em>Exsultate.</em></span> 
     </span>
    </p>

    <p class='ocr_par' dir='ltr' id='par_1_15' title="bbox 120 3133 582 3209">
     <span class='ocr_line' id='line_1_27' title="bbox 120 3133 582 3209; baseline -0.002 -18"><span class='ocrx_word' id='word_1_177' title='bbox 120 3133 228 3192; x_wconf 81' lang='lat' dir='ltr'><em>Oratio.</em></span> <span class='ocrx_word' id='word_1_178' title='bbox 272 3133 393 3205; x_wconf 84' lang='lat' dir='ltr'><em>Praesta,</em></span> <span class='ocrx_word' id='word_1_179' title='bbox 408 3151 582 3209; x_wconf 79' lang='lat' dir='ltr'><em>quaesumus.</em></span> 
     </span>
    </p>

    <p class='ocr_par' dir='ltr' id='par_1_16' title="bbox 117 3213 435 3289">
     <span class='ocr_line' id='line_1_28' title="bbox 117 3213 435 3289; baseline 0 -18"><span class='ocrx_word' id='word_1_180' title='bbox 117 3213 274 3285; x_wconf 69' lang='lat' dir='ltr'><em>Menona,</em></span> <span class='ocrx_word' id='word_1_181' title='bbox 289 3222 435 3289; x_wconf 80' lang='lat' dir='ltr'><em>utsupra.</em></span> 
     </span>
    </p>

    <p class='ocr_par' dir='ltr' id='par_1_17' title="bbox 119 3292 661 3370">
     <span class='ocr_line' id='line_1_29' title="bbox 119 3292 661 3370; baseline 0.002 -19"><span class='ocrx_word' id='word_1_182' title='bbox 119 3293 260 3370; x_wconf 82' lang='lat' dir='ltr'><em>Epistola.</em></span> <span class='ocrx_word' id='word_1_183' title='bbox 304 3293 399 3352; x_wconf 88' lang='lat' dir='ltr'><em>Omne</em></span> <span class='ocrx_word' id='word_1_184' title='bbox 413 3292 492 3370; x_wconf 90' lang='lat' dir='ltr'><em>quod</em></span> <span class='ocrx_word' id='word_1_185' title='bbox 504 3300 609 3352; x_wconf 85' lang='lat' dir='ltr'><em>natum</em></span> <span class='ocrx_word' id='word_1_186' title='bbox 622 3298 661 3352; x_wconf 85' lang='lat' dir='ltr'><em>et.</em></span> 
     </span>
    </p>

    <p class='ocr_par' dir='ltr' id='par_1_18' title="bbox 119 3374 597 3450">
     <span class='ocr_line' id='line_1_30' title="bbox 119 3374 597 3450; baseline 0.002 -18"><span class='ocrx_word' id='word_1_187' title='bbox 119 3375 267 3450; x_wconf 81' lang='lat' dir='ltr'>Alleluya</span> <span class='ocrx_word' id='word_1_188' title='bbox 316 3374 345 3433; x_wconf 80' lang='lat' dir='ltr'><em>V.</em></span> <span class='ocrx_word' id='word_1_189' title='bbox 362 3375 434 3433; x_wconf 90' lang='lat' dir='ltr'><em>Post</em></span> <span class='ocrx_word' id='word_1_190' title='bbox 449 3375 510 3433; x_wconf 86' lang='lat' dir='ltr'><em>dies</em></span> <span class='ocrx_word' id='word_1_191' title='bbox 524 3381 597 3434; x_wconf 88' lang='lat' dir='ltr'><em>oeto.</em></span> 
     </span>
    </p>

    <p class='ocr_par' dir='ltr' id='par_1_19' title="bbox 119 3454 938 3611">
     <span class='ocr_line' id='line_1_31' title="bbox 119 3454 938 3532; baseline -0.004 -17"><span class='ocrx_word' id='word_1_192' title='bbox 119 3455 286 3516; x_wconf 77' lang='lat' dir='ltr'><em>Secundam</em></span> <span class='ocrx_word' id='word_1_193' title='bbox 305 3455 454 3532; x_wconf 87' lang='lat' dir='ltr'>Alleluya.</span> <span class='ocrx_word' id='word_1_194' title='bbox 504 3455 533 3514; x_wconf 80' lang='lat' dir='ltr'><em>V.</em></span> <span class='ocrx_word' id='word_1_195' title='bbox 550 3455 688 3515; x_wconf 82' lang='lat' dir='ltr'><em>Surrexit</em></span> <span class='ocrx_word' id='word_1_196' title='bbox 701 3454 849 3513; x_wconf 90' lang='lat' dir='ltr'><em>Dominus</em></span> <span class='ocrx_word' id='word_1_197' title='bbox 862 3469 938 3513; x_wconf 83' lang='lat' dir='ltr'><em>vere.</em></span> 
     </span>
     <span class='ocr_line' id='line_1_32' title="bbox 119 3535 613 3611; baseline 0.002 -18"><span class='ocrx_word' id='word_1_198' title='bbox 119 3535 320 3611; x_wconf 75' lang='lat' dir='ltr'><em>anoepelinsn.</em></span> <span class='ocrx_word' id='word_1_199' title='bbox 363 3536 439 3595; x_wconf 80' lang='lat' dir='ltr'><em>Cum</em></span> <span class='ocrx_word' id='word_1_200' title='bbox 453 3542 613 3595; x_wconf 85' lang='lat' dir='ltr'><em>essetsero.</em></span> 
     </span>
    </p>

    <p class='ocr_par' dir='ltr' id='par_1_20' title="bbox 122 3616 637 3694">
     <span class='ocr_line' id='line_1_33' title="bbox 122 3616 637 3694; baseline 0 -18"><span class='ocrx_word' id='word_1_201' title='bbox 122 3616 313 3691; x_wconf 75' lang='lat' dir='ltr'><em>Offertoiioan.</em></span> <span class='ocrx_word' id='word_1_202' title='bbox 357 3617 492 3694; x_wconf 87' lang='lat' dir='ltr'><em>Angelus</em></span> <span class='ocrx_word' id='word_1_203' title='bbox 506 3617 637 3676; x_wconf 72' lang='lat' dir='ltr'><em>Domini„</em></span> 
     </span>
    </p>

    <p class='ocr_par' dir='ltr' id='par_1_21' title="bbox 119 3697 547 3775">
     <span class='ocr_line' id='line_1_34' title="bbox 119 3697 547 3775; baseline 0 -19"><span class='ocrx_word' id='word_1_204' title='bbox 119 3697 240 3756; x_wconf 80' lang='lat' dir='ltr'><em>Secreta.</em></span> <span class='ocrx_word' id='word_1_205' title='bbox 283 3697 403 3775; x_wconf 83' lang='lat' dir='ltr'><em>Suscipe</em></span> <span class='ocrx_word' id='word_1_206' title='bbox 417 3717 547 3756; x_wconf 77' lang='lat' dir='ltr'><em>munera</em></span> 
     </span>
    </p>
   </div>
   <div class='ocr_carea' id='block_1_9' title="bbox 61 3777 1260 3917">
    <p class='ocr_par' dir='ltr' id='par_1_22' title="bbox 61 3777 1260 3917">
     <span class='ocr_line' id='line_1_35' title="bbox 61 3777 1260 3916; baseline 0.003 -81"><span class='ocrx_word' id='word_1_207' title='bbox 61 3858 90 3916; x_wconf 80' lang='lat' dir='ltr'>D</span> <span class='ocrx_word' id='word_1_208' title='bbox 120 3777 262 3872; x_wconf 59' lang='lat' dir='ltr'><em>Densatio</em></span> <span class='ocrx_word' id='word_1_209' title='bbox 284 3779 451 3851; x_wconf 72' lang='lat' dir='ltr'><em>normanis,</em></span> <span class='ocrx_word' id='word_1_210' title='bbox 475 3788 502 3837; x_wconf 92' lang='lat' dir='ltr'><em>et</em></span> <span class='ocrx_word' id='word_1_211' title='bbox 528 3787 627 3853; x_wconf 79' lang='lat' dir='ltr'><em>uetera,</em></span> <span class='ocrx_word' id='word_1_212' title='bbox 655 3786 691 3838; x_wconf 89' lang='lat' dir='ltr'><em>nt</em></span> <span class='ocrx_word' id='word_1_213' title='bbox 719 3778 754 3838; x_wconf 92' lang='lat' dir='ltr'><em>in</em></span> <span class='ocrx_word' id='word_1_214' title='bbox 776 3777 934 3838; x_wconf 81' lang='lat' dir='ltr'><em>Dooninieo</em></span> <span class='ocrx_word' id='word_1_215' title='bbox 956 3797 1022 3837; x_wconf 82' lang='lat' dir='ltr'><em>eunt</em></span> <span class='ocrx_word' id='word_1_216' title='bbox 1048 3777 1260 3838; x_wconf 85' lang='lat' dir='ltr'><em>Benedioamue</em></span> 
     </span>
     <span class='ocr_line' id='line_1_36' title="bbox 91 3877 198 3917; baseline -0.009 0"><span class='ocrx_word' id='word_1_217' title='bbox 91 3877 198 3917; x_wconf 91' lang='lat' dir='ltr'><em>ommo.</em></span> 
     </span>
    </p>
   </div>
   <div class='ocr_carea' id='block_1_10' title="bbox 52 3938 1266 4485">
    <p class='ocr_par' dir='ltr' id='par_1_23' title="bbox 120 3938 1261 4016">
     <span class='ocr_line' id='line_1_37' title="bbox 120 3938 1261 4016; baseline 0.001 -19"><span class='ocrx_word' id='word_1_218' title='bbox 120 3939 163 3997; x_wconf 82' lang='lat' dir='ltr'><em>Et</em></span> <span class='ocrx_word' id='word_1_219' title='bbox 182 3939 330 3999; x_wconf 80' lang='lat' dir='ltr'><em>sciendum</em></span> <span class='ocrx_word' id='word_1_220' title='bbox 343 3948 390 4011; x_wconf 81' lang='lat' dir='ltr'><em>est,</em></span> <span class='ocrx_word' id='word_1_221' title='bbox 406 3939 483 4015; x_wconf 77' lang='lat' dir='ltr'><em>qnod</em></span> <span class='ocrx_word' id='word_1_222' title='bbox 502 3940 621 4016; x_wconf 81' lang='lat' dir='ltr'><em>quoodo</em></span> <span class='ocrx_word' id='word_1_223' title='bbox 634 3939 681 3998; x_wconf 81' lang='lat' dir='ltr'><em>otte</em></span> <span class='ocrx_word' id='word_1_224' title='bbox 694 3938 788 3998; x_wconf 68' lang='lat' dir='ltr'><em>aaa</em></span> <span class='ocrx_word' id='word_1_225' title='bbox 800 3940 845 3998; x_wconf 83' lang='lat' dir='ltr'><em>oei</em></span> <span class='ocrx_word' id='word_1_226' title='bbox 862 3941 909 3999; x_wconf 84' lang='lat' dir='ltr'><em>die</em></span> <span class='ocrx_word' id='word_1_227' title='bbox 927 3940 1039 3998; x_wconf 78' lang='lat' dir='ltr'><em>Martis</em></span> <span class='ocrx_word' id='word_1_228' title='bbox 1055 3940 1100 3999; x_wconf 84' lang='lat' dir='ltr'><em>uel</em></span> <span class='ocrx_word' id='word_1_229' title='bbox 1116 3940 1163 3999; x_wconf 80' lang='lat' dir='ltr'><em>dte</em></span> <span class='ocrx_word' id='word_1_230' title='bbox 1178 3939 1261 4001; x_wconf 70' lang='lat' dir='ltr'><em>Joun</em></span> 
     </span>
    </p>

    <p class='ocr_par' dir='ltr' id='par_1_24' title="bbox 61 4019 1262 4098">
     <span class='ocr_line' id='line_1_38' title="bbox 61 4019 1262 4098; baseline -0.001 -19"><span class='ocrx_word' id='word_1_231' title='bbox 61 4029 198 4080; x_wconf 78' lang='lat' dir='ltr'><em>oontataa</em></span> <span class='ocrx_word' id='word_1_232' title='bbox 211 4021 245 4078; x_wconf 88' lang='lat' dir='ltr'><em>de</em></span> <span class='ocrx_word' id='word_1_233' title='bbox 260 4020 358 4092; x_wconf 76' lang='lat' dir='ltr'><em>Feria,</em></span> <span class='ocrx_word' id='word_1_234' title='bbox 374 4021 501 4095; x_wconf 76' lang='lat' dir='ltr'><em>tepentnr</em></span> <span class='ocrx_word' id='word_1_235' title='bbox 513 4020 651 4098; x_wconf 79' lang='lat' dir='ltr'><em>Epistola</em></span> <span class='ocrx_word' id='word_1_236' title='bbox 663 4029 691 4079; x_wconf 91' lang='lat' dir='ltr'><em>et</em></span> <span class='ocrx_word' id='word_1_237' title='bbox 709 4020 870 4096; x_wconf 76' lang='lat' dir='ltr'><em>antepelia</em></span> <span class='ocrx_word' id='word_1_238' title='bbox 884 4041 948 4096; x_wconf 84' lang='lat' dir='ltr'><em>quoe</em></span> <span class='ocrx_word' id='word_1_239' title='bbox 967 4022 1002 4078; x_wconf 91' lang='lat' dir='ltr'><em>in</em></span> <span class='ocrx_word' id='word_1_240' title='bbox 1020 4019 1185 4092; x_wconf 67' lang='lat' dir='ltr'><em>Dominiri,</em></span> <span class='ocrx_word' id='word_1_241' title='bbox 1200 4020 1262 4078; x_wconf 85' lang='lat' dir='ltr'><em>nisi</em></span> 
     </span>
    </p>

    <p class='ocr_par' dir='ltr' id='par_1_25' title="bbox 52 4100 1260 4180">
     <span class='ocr_line' id='line_1_39' title="bbox 52 4100 1260 4180; baseline -0.002 -20"><span class='ocrx_word' id='word_1_242' title='bbox 52 4100 134 4176; x_wconf 79' lang='lat' dir='ltr'><em>sorte</em></span> <span class='ocrx_word' id='word_1_243' title='bbox 157 4100 241 4158; x_wconf 81' lang='lat' dir='ltr'><em>Festo</em></span> <span class='ocrx_word' id='word_1_244' title='bbox 265 4101 363 4176; x_wconf 85' lang='lat' dir='ltr'><em>aliqno</em></span> <span class='ocrx_word' id='word_1_245' title='bbox 387 4102 556 4176; x_wconf 80' lang='lat' dir='ltr'><em>impediente</em></span> <span class='ocrx_word' id='word_1_246' title='bbox 582 4121 643 4160; x_wconf 93' lang='lat' dir='ltr'><em>non</em></span> <span class='ocrx_word' id='word_1_247' title='bbox 666 4110 780 4180; x_wconf 82' lang='lat' dir='ltr'><em>possent</em></span> <span class='ocrx_word' id='word_1_248' title='bbox 804 4102 858 4176; x_wconf 77' lang='lat' dir='ltr'><em>topi</em></span> <span class='ocrx_word' id='word_1_249' title='bbox 878 4112 986 4177; x_wconf 83' lang='lat' dir='ltr'><em>quarta</em></span> <span class='ocrx_word' id='word_1_250' title='bbox 1009 4100 1098 4160; x_wconf 79' lang='lat' dir='ltr'><em>Fena</em></span> <span class='ocrx_word' id='word_1_251' title='bbox 1117 4101 1161 4159; x_wconf 85' lang='lat' dir='ltr'><em>nel</em></span> <span class='ocrx_word' id='word_1_252' title='bbox 1182 4109 1260 4158; x_wconf 80' lang='lat' dir='ltr'><em>senta</em></span> 
     </span>
    </p>

    <p class='ocr_par' dir='ltr' id='par_1_26' title="bbox 60 4180 1263 4258">
     <span class='ocr_line' id='line_1_40' title="bbox 60 4180 1263 4258; baseline 0.001 -20"><span class='ocrx_word' id='word_1_253' title='bbox 60 4181 199 4258; x_wconf 72' lang='lat' dir='ltr'><em>Epistola</em></span> <span class='ocrx_word' id='word_1_254' title='bbox 218 4190 243 4239; x_wconf 91' lang='lat' dir='ltr'><em>et</em></span> <span class='ocrx_word' id='word_1_255' title='bbox 261 4181 422 4256; x_wconf 70' lang='lat' dir='ltr'><em>Enanqelta</em></span> <span class='ocrx_word' id='word_1_256' title='bbox 436 4181 616 4257; x_wconf 69' lang='lat' dir='ltr'><em>pertinentia</em></span> <span class='ocrx_word' id='word_1_257' title='bbox 633 4183 674 4240; x_wconf 77' lang='lat' dir='ltr'><em>ad</em></span> <span class='ocrx_word' id='word_1_258' title='bbox 694 4182 774 4258; x_wconf 82' lang='lat' dir='ltr'><em>ipsos</em></span> <span class='ocrx_word' id='word_1_259' title='bbox 793 4181 903 4256; x_wconf 70' lang='lat' dir='ltr'><em>Perias,</em></span> <span class='ocrx_word' id='word_1_260' title='bbox 918 4182 963 4240; x_wconf 82' lang='lat' dir='ltr'><em>vel</em></span> <span class='ocrx_word' id='word_1_261' title='bbox 981 4182 1043 4239; x_wconf 82' lang='lat' dir='ltr'><em>alta</em></span> <span class='ocrx_word' id='word_1_262' title='bbox 1055 4180 1137 4256; x_wconf 76' lang='lat' dir='ltr'><em>forte</em></span> <span class='ocrx_word' id='word_1_263' title='bbox 1148 4180 1263 4239; x_wconf 79' lang='lat' dir='ltr'><em>ratione</em></span> 
     </span>
    </p>

    <p class='ocr_par' dir='ltr' id='par_1_27' title="bbox 62 4259 1266 4339">
     <span class='ocr_line' id='line_1_41' title="bbox 62 4259 1266 4339; baseline -0.003 -18"><span class='ocrx_word' id='word_1_264' title='bbox 62 4263 284 4332; x_wconf 80' lang='lat' dir='ltr'><em>mnitterentnr,·</em></span> <span class='ocrx_word' id='word_1_265' title='bbox 322 4271 357 4320; x_wconf 90' lang='lat' dir='ltr'><em>nt</em></span> <span class='ocrx_word' id='word_1_266' title='bbox 389 4262 423 4318; x_wconf 90' lang='lat' dir='ltr'><em>in</em></span> <span class='ocrx_word' id='word_1_267' title='bbox 451 4260 571 4338; x_wconf 78' lang='lat' dir='ltr'><em>Capella</em></span> <span class='ocrx_word' id='word_1_268' title='bbox 596 4262 654 4321; x_wconf 83' lang='lat' dir='ltr'><em>sine</em></span> <span class='ocrx_word' id='word_1_269' title='bbox 680 4262 808 4321; x_wconf 75' lang='lat' dir='ltr'><em>Ecaten&#39;a</em></span> <span class='ocrx_word' id='word_1_270' title='bbox 832 4263 1006 4339; x_wconf 72' lang='lat' dir='ltr'><em>parochiali,</em></span> <span class='ocrx_word' id='word_1_271' title='bbox 1029 4281 1087 4336; x_wconf 75' lang='lat' dir='ltr'><em>pro</em></span> <span class='ocrx_word' id='word_1_272' title='bbox 1113 4261 1193 4319; x_wconf 81' lang='lat' dir='ltr'><em>obitu</em></span> <span class='ocrx_word' id='word_1_273' title='bbox 1218 4259 1266 4319; x_wconf 83' lang='lat' dir='ltr'><em>oet</em></span> 
     </span>
    </p>

    <p class='ocr_par' dir='ltr' id='par_1_28' title="bbox 62 4341 1261 4485">
     <span class='ocr_line' id='line_1_42' title="bbox 62 4341 1261 4482; baseline -0.003 -80"><span class='ocrx_word' id='word_1_274' title='bbox 62 4343 278 4482; x_wconf 49' lang='lat' dir='ltr'><em>fieoponsatiotn</em></span> <span class='ocrx_word' id='word_1_275' title='bbox 294 4342 338 4401; x_wconf 87' lang='lat' dir='ltr'><em>uel</em></span> <span class='ocrx_word' id='word_1_276' title='bbox 358 4341 575 4418; x_wconf 63' lang='lat' dir='ltr'><em>innatantia</em></span> <span class='ocrx_word' id='word_1_277' title='bbox 595 4352 664 4402; x_wconf 85' lang='lat' dir='ltr'><em>nne</em></span> <span class='ocrx_word' id='word_1_278' title='bbox 675 4346 736 4420; x_wconf 85' lang='lat' dir='ltr'><em>fiat</em></span> <span class='ocrx_word' id='word_1_279' title='bbox 751 4353 842 4420; x_wconf 84' lang='lat' dir='ltr'><em>prout</em></span> <span class='ocrx_word' id='word_1_280' title='bbox 861 4352 981 4402; x_wconf 81' lang='lat' dir='ltr'><em>notatur</em></span> <span class='ocrx_word' id='word_1_281' title='bbox 998 4341 1088 4400; x_wconf 77' lang='lat' dir='ltr'><em>Feeia</em></span> <span class='ocrx_word' id='word_1_282' title='bbox 1101 4350 1209 4418; x_wconf 78' lang='lat' dir='ltr'><em>qnaeta</em></span> <span class='ocrx_word' id='word_1_283' title='bbox 1227 4341 1261 4399; x_wconf 93' lang='lat' dir='ltr'><em>in</em></span> 
     </span>
     <span class='ocr_line' id='line_1_43' title="bbox 90 4425 204 4485; baseline 0.018 -2"><span class='ocrx_word' id='word_1_284' title='bbox 90 4425 204 4485; x_wconf 77' lang='lat' dir='ltr'><em>avenn.</em></span> 
     </span>
    </p>
   </div>
   <div class='ocr_carea' id='block_1_11' title="bbox 465 4549 859 4613">
    <p class='ocr_par' dir='ltr' id='par_1_29' title="bbox 465 4549 859 4613">
     <span class='ocr_line' id='line_1_44' title="bbox 465 4549 859 4613; baseline 0 -15"><span class='ocrx_word' id='word_1_285' title='bbox 465 4551 479 4580; x_wconf 77' lang='lat'><em>¹¹</em></span> <span class='ocrx_word' id='word_1_286' title='bbox 493 4550 547 4598; x_wconf 80' lang='lat' dir='ltr'><em>MS.</em></span> <span class='ocrx_word' id='word_1_287' title='bbox 558 4549 859 4613; x_wconf 78' lang='lat' dir='ltr'><em>D-inatiquaDomiaica</em></span> 
     </span>
    </p>
   </div>
   <div class='ocr_carea' id='block_1_12' title="bbox 0 0 1461 4994">
    <p class='ocr_par' dir='ltr' id='par_1_30' title="bbox 0 0 1461 4994">
     <span class='ocr_line' id='line_1_45' title="bbox 0 0 1461 4994; baseline 0 0"><span class='ocrx_word' id='word_1_288' title='bbox 0 0 1461 4994; x_wconf 95' lang='lat' dir='ltr'><em> </em></span> 
     </span>
    </p>
   </div>
  </div>
 </body>
</html>
