2918 4986
319 339 499 407 Danuuii.
518 349 594 427 post
618 341 753 409 Octavus
775 342 980 408 Pentecostcs.
1188 340 1251 404 233

115 506 309 584 Offertmiuua

112 589 261 647 Exultabo
272 594 313 662 te,
328 589 465 661 Domine,
480 591 621 666 quonium
634 589 789 666 suscepisti
802 609 867 647 me:
888 608 941 647 nec
955 587 1108 647 delectasti
1120 587 1256 645 inimicos

49 689 130 730 meos
143 690 233 746 super
246 689 312 744 me;
334 670 470 742 Domine,
485 671 611 728 clamavi
623 671 661 728 ad
675 677 714 743 te,
730 676 760 728 et
774 670 885 728 sanasti
897 689 952 729 me.

112 751 234 810 Secreto.

113 832 190 903 Fibi,
206 831 343 904 Domine,
358 832 499 890 sacrificia
518 832 617 890 dicata
637 832 800 890 reddantur
808 851 817 904 ;
838 851 904 908 quae
925 832 967 890 sic
986 832 1025 889 ad
1042 830 1184 888 honorem
1204 849 1255 887 no·

53 913 142 971 minis
158 913 207 971 tui
226 913 384 971 deferenda
402 913 545 986 tribuisti,
560 919 595 971 ut
616 914 717 971 eadem
737 913 867 971 remedia
887 913 952 971 fieri
971 918 1073 971 nostra
1093 914 1255 987 praestares.

53 994 114 1053 Per
127 994 298 1052 Dominum.

117 1073 295 1134 communio.

115 1155 241 1214 Honora
254 1155 418 1214 Dominum
432 1156 468 1214 de
486 1162 539 1214 tua
558 1155 725 1214 substantia
737 1161 769 1213 et
781 1156 818 1214 de
831 1155 972 1232 primitiis
987 1154 1108 1232 frugum
1127 1159 1257 1225 tuarum,

56 1242 92 1296 ut
104 1236 286 1313 impleantur
298 1236 404 1295 horrea
417 1244 470 1296 tua
483 1237 641 1295 saturitate
652 1259 658 1297 :
679 1242 710 1295 et
723 1237 794 1295 vino
808 1236 966 1295 torcularia
978 1235 1196 1294 redundabunt.

117 1318 358 1377 Postcommunab.

118 1399 301 1471 Quaesumus,
313 1398 441 1456 Domine
452 1399 534 1457 Deus
547 1406 656 1471 noster,
666 1404 703 1455 ut
716 1418 789 1475 quos
803 1398 914 1456 divinis
926 1417 1062 1474 reparare
1074 1415 1136 1454 non
1150 1395 1260 1453 desinis

58 1480 257 1553 sacramentis,
272 1479 333 1538 tuis
346 1499 408 1538 non
421 1480 565 1538 destituas
578 1479 723 1556 benignus
736 1480 864 1538 auxiliis
908 1479 967 1537 Per
980 1479 1151 1537 Dominum.

533 1636 633 1693 Fama
647 1634 785 1707 Qunam

117 1765 213 1825 Lectio
226 1764 367 1841 Epistulae
380 1767 456 1825 beati
468 1764 573 1825 Jacobi
585 1765 718 1842 Apostoli
731 1765 786 1843 (iu.
804 1765 899 1844 7-12).

120 1846 287 1906 Uerissimi:
323 1847 443 1906 Subditi
475 1853 568 1906 estote
595 1848 660 1905 Dec
689 1867 780 1922 usque
806 1849 847 1906 ud
877 1847 930 1923 qui
959 1852 1058 1924 potest
1091 1846 1205 1904 salvare
1232 1848 1264 1901 et

61 1927 287 2068 pellbegiudum
299 2009 412 2067 Iawcan
425 2009 525 2086 (ccviii.
544 2009 620 2086 1-8).

120 2089 161 2147 In
186 2090 239 2148 illo
265 2095 405 2166 tempore,
435 2089 561 2148 Dicebat
587 2090 676 2148 Jesus
704 2089 856 2167 discipulis
889 2089 951 2147 suis
977 2088 1146 2166 parabolam
1173 2088 1259 2160 hanc,

62 2170 201 2308 plilroniam
228 2176 345 2247 oportet
371 2191 485 2248 semper
512 2191 595 2229 orare
622 2192 714 2247 uisque
741 2172 783 2230 ud
808 2171 878 2248 quia
906 2171 965 2230 cito
992 2170 1081 2229 faciet
1101 2169 1265 2228 vindictam

97 2271 189 2312 orum.

551 2357 653 2416 Furem
667 2359 777 2416 Suara,

124 2479 176 2537 Ad
190 2478 358 2538 Corinthios
371 2478 405 2556 (1
429 2479 466 2538 ci.
485 2479 602 2556 15-20).
977 2538 982 2551 ,

122 2559 260 2618 Fratres:
281 2560 421 2632 Nescitis
433 2560 573 2637 quoniam
587 2578 708 2636 corpora
717 2565 817 2617 vestra
828 2560 961 2617 membra
971 2563 1042 2617 sunt
1053 2558 1166 2616 Christi
1176 2577 1267 2632 usque

65 2642 104 2699 nd
117 2640 150 2698 in
163 2660 283 2719 corpore
296 2648 403 2699 vestro.

124 2721 293 2781 Secundum
305 2722 418 2780 Ducum
432 2723 500 2799 (acii.
517 2720 633 2799 48-53).

124 2803 165 2860 In
176 2803 229 2861 illo
242 2809 382 2880 tempore,
395 2804 484 2861 Dixit
492 2804 514 2862 J
516 2823 582 2860 esus
592 2801 743 2879 discipulis
753 2801 828 2860 suis:
843 2799 943 2873 Omni,
958 2800 1007 2859 cui
1020 2799 1148 2857 multum
1163 2799 1268 2857 datum

66 2889 110 2942 est
123 2903 213 2961 usque
226 2887 267 2942 001
280 2904 373 2942 nurus
386 2884 419 2941 in
433 2904 549 2942 socrum
563 2903 655 2942 suam.
1174 2896 1179 2903 ’

234 3056 396 3115 Dounuca
416 3057 608 3116 Duonacrua
629 3073 700 3114 rosr
721 3056 864 3114 Ocrnvns
885 3055 1105 3113 Paurncosrss.

130 3163 271 3238 Officium.
669 3221 671 3225 .

127 3245 217 3317 Deus,
239 3245 272 3301 in
292 3243 474 3322 adjutorium
494 3263 593 3301 meum
614 3244 753 3301 intende:
781 3242 918 3314 Domine,
940 3242 978 3299 ad
998 3241 1202 3319 adjuvandum
1223 3259 1270 3298 me

68 3325 191 3383 festina:
212 3325 432 3383 confundantur
452 3330 483 3382 et
502 3331 695 3383 revereantur
709 3324 824 3382 inimici
840 3324 907 3398 mei,
923 3323 975 3400 qui
989 3329 1127 3399 quaerimt
1140 3321 1271 3380 animam

70 3426 173 3464 meam.

126 3487 274 3546 Psuimas.

128 3569 317 3626 Avertantur
330 3573 500 3640 retrorsum,
516 3575 546 3626 et
560 3568 751 3627 erubescant:
772 3567 826 3644 qui
838 3567 946 3625 volunt
959 3566 1035 3624 mihi
1047 3564 1132 3623 mala

132 3648 241 3708 Oratio·

130 3730 326 3807 Omnipotens
345 3730 522 3806 sempiterne
536 3730 627 3802 Deus,
643 3730 696 3806 qui
715 3729 898 3787 abundantia
913 3728 1034 3805 pietatis
1047 3735 1107 3785 tuse
1122 3735 1153 3785 et
1166 3729 1273 3786 merita

71 3811 236 3887 supplicum
255 3811 372 3869 excedis
392 3819 422 3869 et
442 3816 530 3884 vota;
550 3810 668 3868 effunde
690 3830 850 3887 supernos
870 3810 1100 3867 misericordiam
1124 3815 1217 3881 tuam,
1239 3818 1273 3866 ut

71 3892 205 3949 dimittas
225 3911 290 3968 quae
311 3891 489 3951 conscientia
509 3893 626 3965 metuit,
641 3897 672 3949 et
691 3891 811 3968 adjicias
832 3890 911 3967 quod
927 3890 1022 3948 oratio
1036 3910 1097 3948 non
1110 3891 1271 3967 praesumit.

72 3973 131 4031 Per
144 3973 317 4030 Dominum.

132 4052 182 4112 Ad
197 4052 365 4113 Corinthios
377 4055 415 4123 (2
437 4055 481 4112 iii.
499 4053 577 4132 4-9).

131 4135 269 4193 Fratres:
290 4135 444 4193 Fiduciam
464 4137 555 4194 talem
575 4134 717 4192 habemus
730 4153 783 4210 per
798 4134 950 4192 Christum
964 4133 1002 4191 ad
1016 4133 1115 4191 Deum
1128 4151 1220 4208 usque
1234 4131 1275 4189 ud

72 4214 168 4274 multo
180 4215 275 4293 magis
288 4217 420 4274 abundat
434 4217 633 4275 ministerium
642 4215 769 4292 justitiae
782 4214 815 4271 in
828 4215 930 4292 gloria.
947 4229 950 4233 ’

136 4295 270 4355 Graduie.

132 4378 312 4436 Benedicam
322 4378 486 4437 Dominum
494 4378 533 4436 in
546 4379 628 4436 omni
640 4383 790 4454 tempore:
809 4396 923 4454 semper
935 4354 999 4432 laus
1013 4375 1076 4451 ejus
1089 4374 1122 4432 in
1135 4394 1185 4432 ore
1198 4393 1273 4432 meo.

77 4459 108 4519 V.
135 4459 175 4518 In
189 4459 319 4518 Domino
332 4459 503 4518 laudabitur
516 4460 615 4518 anima
628 4479 710 4519 maa:
731 4458 855 4516 audiant
868 4456 1025 4527 mansueti,
1039 4462 1070 4514 et
1084 4455 1231 4515 laetentur.
1340 4514 1342 4518 ,
