2886 4994
191 352 232 415 22
562 347 610 412 Ire
625 347 717 412 Festo
732 347 842 412 saecli
856 345 1036 412 Jolrouae's.

251 514 462 655 lididiiuiddilos
489 601 614 672 apertos,
641 601 671 652 et
699 595 804 653 Jesum
836 600 965 652 stantem
992 614 1010 651 a
1037 594 1152 652 dextris
1178 594 1303 652 virtutis
1331 595 1399 653 Dei.

191 676 319 736 Domine
333 676 356 735 J
356 696 416 749 esu,
431 675 529 752 accipe
542 676 681 752 spiritum
701 695 819 734 meum:
849 684 879 733 et
893 696 931 733 ne
945 681 1058 733 statues
1078 675 1138 732 illis
1159 675 1214 732 hoc
1238 682 1401 752 peccatum,

190 758 261 835 quia
275 758 411 815 nesciunt
425 756 497 833 quid
511 756 632 815 faciunt.

253 853 493 914 Postcommunlo.

252 933 452 993 Auxilientur
469 933 563 1006 nobis,
579 933 717 1005 Domine,
732 940 850 1010 sumpta
869 934 1017 1010 mysteria,
1036 940 1067 992 et
1089 934 1291 992 intercedente
1315 934 1403 992 beato

193 1015 342 1156 {teplpano
368 1021 586 1092 protomartyre
613 1021 675 1087 tuo,
698 1015 879 1092 sempiterna
899 1015 1080 1092 protectione
1102 1015 1286 1073 confirment.
1344 1015 1403 1072 Per

224 1116 364 1155 ominum.

347 1291 386 1348 Iu
407 1307 461 1348 nur
481 1305 587 1349 saucrr
608 1290 630 1348 J
632 1305 767 1347 onnuurs
789 1289 945 1347 Arosrom
964 1306 1002 1346 sr
1023 1289 1253 1347 Evauoumsrm

258 1443 310 1526 [Ire
333 1447 379 1503 (lie
403 1446 498 1503 sorceti
518 1444 668 1503 Jolecara's
689 1443 784 1502 Missa
806 1445 986 1521 capitulrrc's,
1012 1455 1046 1502 at
1069 1467 1161 1521 supra
1184 1446 1219 1503 irc
1239 1446 1287 1504 ‹lr'e
1309 1449 1403 1506 selecti

195 1527 475 1603 aS'leplewuireolulur.
520 1526 600 1583 Puer
620 1533 708 1582 natus
728 1535 754 1583 el
775 1535 872 1584 celere.
917 1526 1026 1585 Oratio.
1070 1526 1203 1584 Concede
1224 1546 1399 1602 quaesumus.

196 1607 266 1665 Alia
294 1607 396 1666 Oratio
424 1608 459 1664 cle
487 1616 586 1664 sarecto
610 1605 763 1681 Stephano,
786 1607 835 1663 Da
855 1607 939 1663 nobis
959 1626 1145 1682 quaesumus3
1179 1608 1231 1664 sul)
1256 1629 1320 1665 urea
1341 1630 1402 1666 corr-

195 1689 319 1747 rlusione
333 1689 478 1746 disceretur.
522 1687 556 1744 N
556 1708 594 1745 ore
607 1687 746 1743 dicaretur
754 1687 856 1762 plures
871 1687 1028 1745 Orationes.

254 1769 295 1827 Ire
309 1770 355 1826 (lie
366 1768 459 1826 sancti
469 1767 495 1824 J
494 1767 618 1825 oleastris
631 1769 672 1823 ud
687 1767 817 1825 Missum.
851 1768 1036 1843 Priusfaclrl
1044 1768 1229 1844 processione,
1241 1770 1269 1826 se'
1283 1768 1403 1827 Domin-

194 1850 240 1907 r'ra
255 1850 361 1925 fuerit,
388 1848 520 1907 occuitus
538 1847 675 1905 Personis
695 1857 720 1904 et
739 1847 914 1924 Presbyteris
938 1849 1064 1906 civitatis
1087 1870 1120 1906 ea
1142 1850 1269 1924 antiqua
1292 1871 1404 1908 cmrsrre-

194 1931 295 1988 ladiae
308 1929 351 1987 ad
363 1929 521 1987 Ecclesiam
536 1926 737 1987 cathedralem
751 1930 989 2001 convenientibus,
1005 1939 1031 1988 et
1047 1931 1181 1988 omnibus
1195 1931 1402 1989 ordinatiorem

193 2020 317 2086 utruque
326 2019 412 2170 pcprte
423 2007 510 2068 Cleri
519 2009 553 2066 ire
563 2008 655 2084 Cepis
664 2009 761 2067 sericis
771 2011 943 2083 carcerullus,
955 2011 1119 2069 Praecentor
1129 2011 1246 2087 incipiet
1259 2010 1399 2087 Officium.

254 2183 305 2242 ld
317 2182 450 2240 Missam.
494 2182 634 2257 Officium.

254 2264 294 2322 In
307 2263 404 2321 medio
418 2263 544 2321 ecclesiae
558 2263 674 2339 aperuit
689 2284 720 2321 os
734 2265 816 2341 ejus:
837 2271 867 2322 et
887 2265 1023 2343 implevit
1044 2286 1113 2323 eum
1127 2267 1275 2324 Dominus
1296 2269 1402 2346 spiritu

194 2344 344 2423 sapientiae
359 2350 390 2401 et
403 2343 590 2401 intellectus:
612 2345 688 2402 stola
701 2345 801 2421 gloriae
816 2345 915 2403 induit
928 2366 1004 2404 eum.

193 2425 244 2485 Ps.
286 2426 309 2485 J
310 2425 510 2483 ocunditatem
524 2431 555 2482 et
568 2425 800 2483 exultationem:
821 2427 1031 2485 thesaurizavit
1045 2448 1133 2504 super
1147 2447 1223 2486 eum.

258 2521 375 2663 [OKyrie,
391 2523 503 2595 scilieet,
514 2523 735 2600 cunctipotens
752 2534 777 2582 et
791 2534 888 2582 cetere.
932 2525 1034 2584 Gloria
1047 2526 1080 2583 in
1093 2527 1333 2586 excelsis—MS.
1350 2526 1402 2608 D.]

255 2614 417 2744 Eilliiiam
437 2691 530 2757 tuam,
553 2705 729 2762 quaesumus,
745 2686 881 2758 Domine,
900 2687 1043 2764 benignus
1063 2688 1188 2758 illustra,
1202 2695 1238 2745 ut
1258 2689 1340 2747 beati
1352 2690 1402 2748 Jo

194 2767 300 2824 hannis
320 2767 460 2843 Apostoli
479 2767 526 2824 tui
547 2772 577 2824 et
598 2767 795 2843 Evangelistae
820 2767 988 2826 illuminata
1008 2769 1156 2841 doctrinis,
1178 2768 1216 2826 ad
1241 2770 1320 2827 dona
1339 2790 1400 2847 per-

194 2848 296 2906 veniat
309 2848 493 2924 sempiterna
538 2847 597 2906 Per
611 2848 782 2905 Dominum.

256 2943 329 3026 [Ubi
348 2966 409 3004 rcere
429 2946 539 3004 elicitur
559 2945 654 3003 Missa
675 2945 848 3022 capitularis
860 2950 920 3020 fiet
940 2948 1079 3005 memorio
1099 2948 1133 3005 de
1146 2947 1311 3006 Natiollute
1327 2957 1353 3005 el
1369 2950 1401 3006 de

195 3037 293 3086 sancto
306 3027 567 3103 Stephana-MS.
584 3024 636 3106 D.]

212 3151 213 3154 ¹
255 3124 351 3183 Lectio
366 3124 434 3182 libri
447 3122 604 3199 Sapientia
618 3123 747 3199 (Ilcelus.
764 3145 807 3182 av.
827 3124 874 3180 1-6
876 3124 901 3200 )

256 3206 317 3275 Qui
329 3206 416 3262 timet
430 3205 528 3261 Deum
542 3204 630 3261 faciet
644 3205 721 3262 bona
734 3224 825 3280 usqae
841 3206 882 3262 acl
904 3211 934 3262 et
953 3206 1071 3264 nominc
1089 3213 1199 3264 aeterno
1217 3207 1399 3267 haereditabit

195 3286 281 3344 illum
295 3285 442 3342 Dominus
456 3285 538 3342 Deus
552 3290 660 3341 noster.

257 3379 341 3462 [Tres
354 3381 519 3456 Presbyteri
533 3390 647 3438 caruerat
660 3382 694 3437 irc
702 3382 820 3457 pulpito
836 3381 1077 3442 Crudele—MS.
1094 3381 1147 3464 D.]

259 3477 392 3536 Grcdale.

255 3558 341 3615 Exiit
355 3577 449 3615 sermo
462 3557 542 3615 inter
554 3558 669 3629 fratres,
686 3557 765 3633 quod
778 3559 938 3637 discipulus
952 3561 1002 3618 ille
1016 3581 1078 3618 non
1090 3563 1225 3622 moritur.

202 3641 230 3697 V.
255 3639 312 3697 Sed
326 3639 367 3696 sic
381 3658 450 3696 eum
463 3638 531 3695 volo
544 3657 663 3695 manere
677 3638 768 3696 donec
782 3642 899 3699 veniam
913 3664 919 3699 :
941 3648 976 3699 tu
989 3662 1037 3700 me
1050 3663 1179 3719 sequere.

260 3733 385 3816 [Deinde
399 3756 419 3792 e
433 3735 519 3792 turba
533 3734 769 3809 Presbyterorum
782 3737 816 3794 ire
829 3739 922 3795 medlo
938 3738 1028 3797 Oleoro
1043 3741 1290 3799 cantetur-MS.
1307 3739 1359 3822 D]

257 3833 406 3908 Alleluya.
456 3833 484 3890 V.
508 3833 569 3889 Hic
593 3839 638 3890 cst
659 3833 819 3910 discipulus
841 3835 891 3891 illc
912 3836 964 3911 qui
985 3837 1189 3894 testimonium
1211 3838 1346 3914 perhibet
1367 3839 1403 3896 de

196 3913 252 3986 his,
267 3920 298 3972 et
312 3915 419 3970 scimus
434 3914 504 3990 quia
516 3933 619 3971 verum
634 3920 678 3970 est
693 3914 896 3972 testimonium
910 3918 980 3992 ejus).

258 4010 414 4087 Sequentia
430 4009 461 4092 [a
474 4010 641 4070 Scrccerclore
655 4013 937 4088 incipiatur—MS.
954 4013 1006 4095 D.]

318 4139 340 4196 J
342 4138 479 4211 ohannes,
495 4140 517 4197 J
518 4159 569 4196 esu
584 4139 703 4196 Christo
717 4140 844 4198 multum
858 4141 963 4199 dilecte
977 4143 1069 4219 virgo,

320 4219 365 4277 Tu
380 4220 442 4295 ejus
455 4239 553 4277 amore
567 4221 713 4277 carnalem

320 4301 358 4356 In
372 4301 443 4356 navi
455 4306 608 4376 parentem
623 4300 744 4376 liquisti.

319 4381 365 4438 Tu
379 4382 443 4438 lene
456 4383 587 4458 conjugis
601 4389 703 4457 pectus
717 4383 863 4458 respuisti,
880 4383 1022 4441 Messium
1036 4391 1160 4456 secutae,

319 4461 366 4520 Ut
380 4462 443 4539 ejus
457 4463 583 4537 pectoris
597 4481 678 4520 saera
692 4464 845 4520 meruisses
860 4464 971 4521 fluenta
985 4471 1093 4541 potare.
