2918 4986
178 386 219 448 62
494 378 714 446 Hebdomada
728 379 764 444 ii.
783 378 1064 463 Quaerapatmae.

240 548 360 608 Secreta.
870 591 873 595 ,

239 629 315 686 Haec
341 628 608 700 hostia-Domine,
632 626 805 703 placationis
832 632 863 684 et
889 625 986 684 landis
1012 631 1066 683 tua
1092 644 1147 683 nos
1173 624 1392 702 propitiatione

179 710 283 787 dignos
296 709 410 766 efficiat.
454 708 512 766 Per
526 709 697 766 Dominum.

241 789 423 848 Coruncanio.

239 871 368 928 Domine
395 869 542 927 Dominus
568 875 676 941 noster,
701 888 791 945 quam
820 868 994 927 admirabile
1021 873 1066 926 est
1092 887 1203 925 nomen
1237 872 1330 925 tunm
1357 867 1391 924 in

181 952 319 1008 universa
331 957 417 1008 terra

241 1031 484 1089 Postcommaaio.

241 1113 316 1170 Haec
337 1132 390 1169 nos
411 1113 585 1182 communio,
601 1110 738 1181 Domine,
753 1117 859 1188 purget
876 1130 895 1169 a
915 1110 1047 1184 erimine,
1063 1120 1095 1168 et
1117 1110 1242 1168 caelestis
1263 1109 1390 1168 remedii

181 1194 269 1251 faciat
283 1213 343 1250 esse
356 1199 511 1250 consortes,
555 1192 613 1250 Per
626 1192 797 1248 Dominum.

241 1275 336 1349 Super
355 1273 511 1349 Popularia.

240 1356 355 1413 Adesto
369 1354 630 1430 supplicationibus
644 1354 761 1425 nostris,
773 1354 959 1430 omnipotens
970 1354 1070 1411 Deus:
1088 1358 1120 1410 et
1129 1353 1239 1429 quibus
1248 1352 1389 1411 fiduciam

180 1437 329 1512 sperandae
363 1436 483 1512 pietatis
516 1434 661 1511 indulges,
692 1440 838 1491 consuetae
866 1434 1072 1492 misericordiae
1106 1434 1207 1492 tribue
1240 1434 1391 1511 benignus

181 1519 324 1575 effectum.
368 1516 427 1574 Per
440 1516 611 1573 Dominum.

658 1678 758 1735 From
779 1677 904 1735 Troum.

242 1761 381 1835 Officium.

241 1842 309 1899 Tibi
322 1841 401 1898 dixit
415 1858 465 1896 cor
477 1858 595 1911 meum,
615 1838 739 1914 quaesivi
751 1838 870 1896 vultum
883 1844 988 1896 tuum:
1006 1838 1125 1897 vultum
1138 1845 1236 1912 tuum,
1248 1839 1390 1911 Domine,

180 1923 347 1999 requiram3
367 1939 405 1978 ne
419 1926 536 1977 avertas
549 1919 654 1976 faeiem
667 1927 751 1977 tuam
765 1940 783 1976 a
796 1939 851 1978 me.

241 2003 387 2059 Prolatus.

242 2083 389 2139 Dominus
402 2080 583 2138 illuminatio
596 2100 670 2153 mea,
686 2087 717 2138 et
730 2081 808 2138 salus
821 2100 887 2138 mea
901 2102 907 2139 :
931 2100 1020 2157 quem
1032 2080 1144 2140 timebo
1156 2083 1168 2140 l

244 2162 353 2221 Oratio

243 2244 362 2316 Perfice,
379 2261 555 2319 quaesumus,
577 2242 714 2313 Domine,
735 2242 879 2318 benignus
901 2242 933 2299 in
955 2242 1040 2300 nobis
1062 2243 1258 2301 observantia
1280 2249 1394 2302 sanctae

182 2325 364 2384 subsidium:
384 2331 420 2380 ut
435 2342 500 2398 quae
517 2328 547 2379 te
567 2329 686 2381 auctore
705 2323 839 2381 facienda
858 2325 1058 2401 eognovimus,
1073 2330 1104 2381 te
1124 2325 1295 2401 opitulante
1315 2344 1395 2384 com-

182 2407 322 2484 pleamus.
366 2404 425 2462 Per
438 2403 609 2462 Dominum.

242 2487 338 2543 Lectio
353 2485 420 2543 lita
432 2485 545 2559 Regum
559 2483 595 2560 (3
616 2485 684 2542 arrii.
702 2484 797 2562 8-16).

244 2568 284 2624 In
308 2566 410 2624 diebus
434 2566 503 2638 illis,
525 2565 633 2623 Factus
660 2571 706 2622 est
733 2585 827 2623 sermo
852 2566 976 2623 Domini
999 2566 1037 2624 ad
1065 2566 1188 2624 Heliam
1216 2567 1395 2626 Thesbitem

184 2649 302 2720 dioens3
333 2647 433 2723 Surge,
460 2651 490 2703 et
510 2646 584 2704 vade
607 2646 641 2703 in
665 2647 818 2722 Sareptam
842 2668 933 2722 caepae
956 2648 997 2704 od
1024 2646 1158 2723 lecythus
1182 2648 1239 2705 olei
1262 2667 1328 2705 non
1349 2657 1395 2707 est

183 2729 365 2798 imminutus,
376 2729 467 2805 juxta
476 2728 601 2785 verbum
615 2727 746 2800 Domini,
763 2728 843 2803 quod
856 2728 971 2786 locutus
985 2728 1082 2786 fuerat
1095 2730 1129 2786 in
1142 2748 1234 2786 manu
1249 2728 1360 2788 Heliae.

246 2810 379 2868 Grodnle.

243 2892 265 2950 J
266 2899 332 2949 acta
346 2891 507 2968 cogitatum
521 2895 607 2947 tuum
622 2890 655 2946 in
669 2889 817 2946 Domino:
838 2894 868 2946 et
884 2889 946 2966 ipse
960 2896 991 2947 te
1005 2890 1144 2948 enutriet.

189 2974 218 3032 V.
246 2974 325 3030 Dum
352 2973 507 3030 clamarem
530 2972 569 3029 ad
593 2971 757 3028 Dominum
781 2970 936 3028 exaudivit
959 2989 1061 3028 vocem
1084 2991 1181 3028 meam
1204 2972 1242 3030 ab
1266 2971 1315 3030 his
1340 2973 1396 3050 qui

184 3055 426 3131 appropinquant
438 3053 519 3109 mihi.

243 3135 411 3194 Secundum
424 3134 600 3190 Meliboeam
613 3133 712 3210 (anili,
732 3131 826 3209 llil),

244 3216 284 3272 In
297 3217 349 3272 illo
363 3222 503 3291 tempore,
519 3215 650 3271 Locutus
670 3220 715 3271 est
734 3213 756 3270 J
757 3232 823 3270 esus
842 3213 881 3271 ad
901 3213 1004 3270 turbas
1024 3218 1055 3270 et
1075 3213 1113 3270 ad
1133 3213 1293 3290 discipulos
1313 3234 1393 3289 auos

184 3297 283 3354 dicens
293 3316 302 3368 ;
323 3296 417 3371 Super
431 3294 600 3352 cathedram
620 3294 720 3370 Moysi
740 3294 880 3351 sederunt
900 3294 1003 3352 scribae
1024 3301 1055 3351 et
1075 3294 1219 3352 Pharisaei
1238 3316 1332 3372 aeque
1353 3299 1396 3355 ad

186 3377 247 3446 Qui
265 3381 366 3434 autem
383 3394 414 3432 se
435 3374 619 3447 exaltaverit,
635 3373 858 3432 humiliabitur:
884 3380 914 3432 et
932 3375 985 3450 qui
1004 3393 1035 3433 se
1051 3375 1265 3450 humiliaverit,
1280 3378 1395 3436 exalta-

185 3457 275 3513 bitur.

249 3535 442 3610 Offertoriam.

247 3616 390 3674 Miserere
416 3615 500 3689 mihi,
527 3616 663 3688 Domine,
689 3617 849 3674 secundum
872 3616 1010 3695 magnam
1032 3617 1266 3677 misericordiam
1290 3625 1394 3680 tuam:

187 3697 260 3770 dele,
275 3697 410 3767 Domine,
425 3696 729 3773 iniquitatemmeam

248 3778 368 3838 Secreta.

248 3858 516 3917 sanctificationem
531 3865 614 3916 tuam
627 3860 720 3932 nobis,
736 3860 871 3933 Domine,
887 3860 933 3917 his
947 3861 1095 3936 mysteriis
1114 3861 1250 3938 placatus
1263 3878 1395 3942 operare,

188 3960 253 4018 quae
266 3959 320 3997 nos
335 3946 365 3996 et
378 3959 396 3997 a
409 3940 532 3997 terrenii
544 3946 651 4018 purget
664 3941 747 3998 vitiis
764 3946 794 3998 et
815 3941 852 3998 ad
876 3941 1002 3999 caelestia
1023 3961 1115 4020 regna
1135 3943 1288 4019 perducat.
1333 3944 1394 4004 Per

188 4022 360 4080 Dominum.

251 4101 432 4161 Communia

249 4182 386 4240 Narrabo
407 4182 506 4238 omnia
526 4182 673 4240 mirabilia
693 4189 763 4241 tua:
791 4183 913 4242 laetabor
933 4190 964 4243 et
982 4184 1121 4243 exultabo
1142 4186 1175 4243 in
1195 4191 1226 4244 te
1237 4207 1246 4260 ;
1269 4188 1395 4265 psallam

189 4265 303 4324 nomini
316 4270 378 4334 tuo,
392 4263 554 4321 Altissime.

249 4345 490 4403 Postcommaaio.

249 4425 298 4485 Ut
319 4423 416 4496 sacris,
441 4425 577 4497 Domine,
601 4426 758 4484 reddamur
779 4427 863 4504 digni
884 4428 1064 4504 muneribus,
1087 4429 1133 4487 fac
1154 4449 1210 4490 nos
1231 4432 1302 4506 tuis,
1319 4450 1396 4510 quee-

238 4524 297 4581 nos,
312 4502 431 4565 obedire
444 4507 599 4566 mandatis.
644 4507 703 4566 Per
719 4508 891 4567 Dominum.
