2918 4986
128 310 220 375 xlviii
485 308 602 375 Oratio
623 330 685 393 pro
708 306 980 393 Prcrpncntibes.

403 534 487 592 PRO
509 534 862 592 Pirn⁴mNnNr113Ue
883 532 1051 591 ORATIO.

188 674 240 728 An
257 687 427 729 emmosnn
446 688 598 728 vmemmr
621 671 755 728 nsum
779 687 835 729 rno
854 672 1093 728 rmecmmrrnrs
1114 687 1153 729 nr
1174 688 1210 729 m
1232 690 1336 731 rnnrr

129 768 363 811 nnrmrms'rmue.

189 834 297 890 oratio.

187 918 213 964 t)
228 912 335 970 aneilla
349 912 469 985 Christi,
485 912 583 970 Maria
597 920 692 971 mater
707 913 772 984 Dei,
787 933 946 989 pauperem
960 913 1068 971 exaudi
1089 916 1275 991 peccatorem
1293 915 1331 972 acl

126 1003 156 1051 to
186 1015 252 1049 vere
276 995 479 1070 suspirantem,
502 1014 540 1051 ne
560 1003 689 1051 metrum
711 994 744 1050 in
764 1002 850 1051 utero
873 994 1080 1071 periclitentur
1101 995 1255 1067 infantuli,
1278 998 1331 1072 qni

125 1082 245 1152 propter
267 1074 414 1132 desectum
436 1074 575 1151 baptismi
597 1074 712 1132 macule
733 1074 843 1131 irretiti
864 1075 1002 1152 originali
1021 1075 1055 1133 iu
1075 1074 1202 1134 limbum
1225 1079 1333 1134 conde-

126 1156 279 1227 scendunt,
294 1156 346 1231 qui
362 1174 428 1230 pare
442 1162 487 1213 est
501 1155 615 1212 inferni.
659 1155 765 1225 Maris,
781 1156 881 1231 itaque
902 1155 1017 1215 miseris
1032 1175 1169 1214 succurre
1182 1159 1324 1232 puerulis,

126 1238 175 1312 spii
212 1256 265 1311 pro
298 1236 382 1311 gmvi
409 1236 481 1293 aclco
515 1236 762 1313 protoplastorum
793 1236 902 1293 nebula
928 1236 1041 1295 visione
1068 1236 1126 1294 Dei
1153 1237 1198 1294 ibi
1225 1246 1328 1295 carent

126 1324 284 1393 perpetua:
307 1320 332 1375 0
343 1316 456 1393 judicia
470 1316 527 1374 Dei
541 1318 661 1392 abyssus
675 1316 778 1387 multa,
793 1317 846 1392 qui
859 1317 928 1374 licet
942 1316 1005 1375 siue
1018 1317 1104 1394 eulpa
1116 1328 1251 1394 pereant,
1266 1338 1327 1376 nen

125 1408 225 1455 tamen
239 1399 301 1454 sinc
315 1418 408 1456 causa.
446 1398 542 1468 Quam
555 1398 648 1475 igitur
662 1397 840 1473 perniciosus
853 1399 932 1473 pomi
942 1399 1030 1455 vetiti
1043 1399 1114 1455 Evae
1128 1399 1188 1455 fuit
1200 1419 1324 1471 morsus,

125 1499 184 1555 quo
211 1498 288 1536 mers
321 1479 445 1556 posteris
479 1479 520 1536 sic
554 1479 789 1536 concludebatur.
861 1479 918 1535 Sed
939 1479 965 1535 Ο
990 1498 1080 1554 quarn
1106 1479 1179 1536 felix
1207 1480 1268 1537 fuit
1281 1484 1324 1538 ‘et

125 1560 319 1630 lietalnmdrm,
339 1564 365 1617 t)
385 1559 491 1633 Maris,
506 1559 585 1616 inter·
604 1566 633 1615 te
654 1566 685 1616 ct
706 1558 843 1634 angelum
864 1559 1003 1635 dialogus,
1018 1580 1077 1636 que
1094 1559 1159 1617 vita
1176 1561 1236 1617 toti
1259 1560 1324 1619 orbi

124 1640 281 1698 orielmtur.
346 1640 410 1698 ‚l'rre
431 1640 542 1697 ereteris
570 1646 669 1695 rudem
691 1646 760 1696 tuus
781 1640 900 1696 videtur
920 1641 1117 1716 splendescere
1137 1641 1323 1701 beatissimus

124 1722 232 1798 salisque
247 1722 345 1778 dolore
359 1726 461 1797 partus
472 1741 479 1791 3
508 1740 560 1796 per
581 1739 668 1795 quem
689 1720 758 1776 Evae
773 1720 939 1777 maledictio
961 1727 1005 1779 eet
1025 1721 1130 1794 soluta,
1150 1740 1205 1779 nec
1227 1724 1324 1780 minus

124 1803 288 1859 benedictio
308 1802 481 1858 mulieribus
500 1801 613 1857 cunetis
629 1806 673 1857 est
687 1801 857 1858 condonate.
900 1802 952 1858 Ad
974 1821 1063 1879 quam
1085 1821 1153 1878 crgo
1175 1803 1322 1880 refugient

124 1884 260 1939 desolatis
283 1887 475 1957 pregnantes,
498 1881 556 1937 nisi
579 1880 616 1937 ad
636 1887 674 1952 te,
695 1890 868 1939 cunctarum
888 1883 1074 1954 consolatrix,
1100 1902 1168 1939 eum
1195 1883 1321 1941 lacrimis

122 1966 292 2038 germntes'l
346 1960 503 2029 Audiens,
523 1961 605 2035 virgo
624 1960 831 2035 immaculata3
860 1982 913 2019 nec
937 1969 1093 2038 parentum
1114 1963 1240 2039 aspiciat
1261 1965 1321 2021 uni-

123 2044 241 2119 genitus
255 2050 324 2099 tuus
338 2042 375 2098 ad
388 2048 512 2117 praecata.
558 2042 615 2100 Sed
629 2043 819 2117 parvulorum
833 2044 965 2101 ululatus
981 2043 1139 2101 clementer
1153 2046 1271 2117 exaudi,
1286 2064 1321 2101 ne

124 2123 245 2199 perenni
273 2122 375 2197 subj'
341 2128 431 2179 rorant
432 2142 468 2178 ιιι·
495 2122 604 2179 inferni
631 2124 818 2181 termidolose
844 2125 916 2181 adeo
944 2145 1033 2199 prena.
1101 2124 1161 2182 Eos
1196 2126 1320 2202 denique

123 2210 190 2279 post
203 2224 276 2260 sacri
269 2203 458 2279 baptisrnat
453 2223 476 2258 rs
438 2202 606 2260 tundam
631 2224 660 2258 ιι
661 2210 780 2280 generat
783 2226 813 2262 os
836 2205 992 2281 perducere
1015 2205 1144 2309 digneris
1157 2207 1196 2264 ad
1213 2216 1320 2265 aeterna

121 2284 235 2361 gaudia
279 2284 386 2340 Amen

186 2364 254 2421 Alio
266 2364 382 2433 Oratio.

184 2446 237 2502 l'ie
260 2452 290 2502 ct
314 2445 489 2502 exaudibilis
515 2446 641 2502 Domine
666 2448 747 2503 Deus
769 2454 877 2518 noster,
895 2448 969 2505 Jesu
992 2448 1116 2520 Christe,
1136 2448 1327 2508 clementiam.

122 2533 203 2583 tuam
220 2546 286 2582 eum
302 2526 381 2583 omni
393 2526 605 2602 supplicatione
616 2528 805 2620 deposcimus,
818 2534 853 2584 ut
863 2547 915 2603 per
929 2529 1131 2586 interventum
1141 2535 1172 2587 et
1183 2532 1319 2589 meritum

122 2607 216 2663 bestia
252 2614 282 2664 et
316 2607 447 2683 gloriosse
482 2626 595 2682 semper
628 2609 751 2681 virginis
782 2608 895 2680 Mure,
929 2611 1119 2686 omniumque
1153 2618 1318 2670 anctorum

123 2687 315 2763 Aneelerum,
344 2688 607 2764 Arelmngelermn,
635 2687 881 2761 Patriarelmrmn,
912 2690 1043 2767 Prophet
1044 2710 1139 2784 arum,
1166 2692 1319 2769 Apostolo

122 2788 198 2839 rum,
216 2763 391 2844 Martyrum,
415 2768 628 2839 Conlisserum,
650 2769 820 2842 Virginem,
835 2770 908 2827 elect
896 2776 994 2828 torum
1012 2779 1042 2829 et
1060 2772 1192 2830 omnium
1212 2774 1318 2832 civium

122 2869 325 2925 swupernorum,
347 2848 483 2907 Ecclesiae
505 2857 565 2906 ιιιιιΙ
587 2856 669 2906 sitmc
670 2870 694 2906 ιιι
659 2815 872 2907 tl‘etlrolieec
893 2852 980 2909 fidem
1003 2872 1130 2928 augeas3
1159 2855 1317 2912 rectoribus

122 2932 230 2988 nostris
245 2950 344 3008 [racem
356 2932 490 3003 tribuas3
513 2938 543 2989 et
558 2932 641 2987 nobis
656 2931 853 2988 remissionem
865 2939 895 2989 et
905 2933 1121 3009 indulgentiam
1134 2942 1329 3010 peccatoram.

122 3013 267 3070 concedas.
325 3013 431 3070 Amen.
485 3013 617 3070 infirmis
639 3013 773 3085 salutem,
795 3012 1126 3088 lapsierepamtionem,
1150 3017 1227 3073 aeris
1249 3036 1319 3074 corn-

121 3093 246 3150 moditat
235 3101 294 3151 tem
307 3114 335 3151 n·
329 3094 386 3151 rvi
382 3101 448 3165 ,nur
437 3094 525 3164 tibus,
540 3094 667 3169 atquct
642 3115 652 3150 1
669 3114 699 3151 cr
713 3100 800 3165 arent
788 3095 867 3151 tibus
881 3094 1016 3151 fidelibus
1029 3096 1087 3152 iter
1100 3115 1275 3172 prosperum
1287 3115 1330 3153 ec*

120 3172 224 3230 salutis
236 3181 364 3266 portum.
401 3177 507 3232 lmen.
545 3174 733 3232 lribuletis
719 3184 840 3267 etpr=,²
798 3175 981 3231 :cenantibus
994 3177 1155 3252 gaudium·
1145 3177 1331 3272 ,oppressis-

120 3253 241 3310 rclcvat'
220 3260 349 3311 tionem·
340 3255 508 3330 ‚captivis
524 3255 606 3312 vinct
608 3257 639 3325 is,
660 3257 846 3332 peregrinis
841 3255 1054 3313 absolutionem
1073 3264 1103 3315 et
1120 3259 1319 3318 remissionem

120 3339 151 3390 et
165 3332 202 3390 ad
216 3335 341 3410 patriam
356 3356 386 3391 ιι
390 3335 557 3391 versionem.
601 3334 708 3392 Amen.
