2886 4994
417 366 520 432 Ferte
540 366 594 432 iii.
613 371 689 452 poet
711 366 926 431 Pentecosten.

550 577 651 634 Fama
671 575 796 633 Tnarm.

133 671 272 747 Officium.

128 753 266 831 Accipite
282 755 500 831 jocunditatem
520 755 620 830 gloriae
634 759 748 825 vestrae,
763 752 912 828 alleluya:
940 752 1050 830 gratias
1064 758 1184 830 agentes
1198 753 1273 826 Dec,

67 833 197 909 alleluya
212 856 218 892 :
242 837 295 911 qui
312 856 364 893 vos
378 836 415 893 ad
429 836 555 893 caelestia
569 855 660 912 regna
672 835 799 908 vocavit,
813 834 950 910 alleluya,
964 834 1101 910 alleluya,
1115 834 1250 911 alleluya.

129 915 274 975 Petimus.
1153 973 1155 978 .

128 996 270 1070 Attende,
286 997 394 1074 popule
416 1017 508 1071 meus,
522 998 617 1074 legem
638 1016 756 1054 meam:
793 995 935 1054 inclinate
962 1015 1064 1053 aurem
1088 1002 1218 1054 vestram
1239 997 1272 1053 in

67 1077 160 1134 verba
174 1077 233 1135 oris
246 1079 312 1136 mei.

131 1157 240 1215 Oratio.

127 1239 220 1309 Adsit
242 1240 336 1314 nobis,
360 1229 498 1312 Domine,
524 1259 700 1316 quaesumus,
723 1237 820 1294 virtus
843 1238 972 1314 Spiritus
995 1238 1096 1296 Sancti
1108 1259 1116 1310 5
1151 1257 1216 1315 quae
1240 1245 1270 1296 et

65 1319 154 1376 corda
167 1325 268 1378 nostra
281 1321 441 1378 clementer
453 1326 606 1397 expurget,
623 1326 653 1377 et
673 1321 711 1377 ab
731 1319 868 1377 omnibus
888 1325 1009 1376 tueatur
1030 1319 1168 1377 adversis.
1211 1319 1272 1377 Per

64 1398 238 1458 Dominum.
282 1401 322 1457 In
334 1401 451 1458 unitate
465 1402 597 1477 ejusdem
611 1400 741 1477 Spiritus
756 1400 864 1457 Sancti.

126 1497 278 1572 Epicteto:
299 1499 393 1556 Lectio
407 1498 536 1556 rictorem
549 1498 752 1574 Apostolorum
765 1497 843 1575 (cdii.
862 1494 977 1574 14-17).

126 1577 165 1635 In
180 1578 282 1636 diebus
296 1579 362 1651 illis,
380 1579 456 1636 Oum
470 1580 621 1636 audissent
634 1578 775 1654 Apostoli
788 1579 840 1653 qui
860 1583 945 1635 erant
960 1577 1183 1653 Hierosolymis,
1200 1577 1269 1653 quia

64 1658 221 1734 recepisset
248 1659 380 1718 Samaria
414 1661 538 1718 verbum
572 1660 631 1717 Dei
657 1680 747 1735 usqae
775 1659 815 1715 ad
841 1664 872 1716 et
906 1658 1088 1735 accipiebant
1122 1658 1269 1734 Spiritum

64 1737 217 1797 Sanctum.

125 1820 275 1898 Alleluya.
312 1822 341 1880 V.
364 1822 487 1880 Emitte.
784 1881 786 1887 ,

122 1901 272 1977 Alleluya.
331 1903 360 1960 V.
384 1903 512 1979 Spiritus
541 1902 673 1973 Sanctus,
698 1901 856 1978 procedens
883 1921 902 1958 a
928 1901 1044 1973 throno,
1068 1899 1267 1978 apostolorum

62 1987 182 2058 pectora
195 1983 339 2041 invisibili
352 1983 439 2041 hodie
452 1984 645 2060 perlustravit
658 1983 798 2060 potentia.

123 2077 288 2154 Sequentia.
619 2141 621 2144 ,

306 2162 421 2219 Laudes
435 2162 500 2220 Deo
514 2163 643 2234 devotas,
659 2161 739 2219 dulci
750 2181 821 2220 voce
835 2181 869 2220 ac
882 2181 995 2233 sonora,

306 2242 394 2300 Plebs
408 2244 537 2300 exsultet
551 2243 713 2301 catholica:

305 2323 434 2400 Spiritus
448 2324 551 2382 Sancti
563 2325 660 2400 gratia

304 2404 457 2480 Apostolis
470 2405 518 2462 die
531 2404 673 2463 hodierna

304 2483 344 2541 In
358 2486 451 2562 igneis
464 2487 573 2562 linguis
587 2492 632 2544 est
644 2485 750 2543 infusa.

305 2565 446 2624 Paraeliti
460 2567 616 2643 praesentia

305 2646 456 2704 Emundet
470 2667 523 2704 nos
536 2667 554 2704 a
568 2647 680 2724 peccati
697 2647 819 2716 macula,

304 2727 386 2784 Pura
399 2728 456 2784 sibi
469 2733 573 2804 aptans
587 2727 764 2799 habitacula,

305 2807 524 2866 Oharismatum
537 2827 570 2865 ac
584 2827 707 2864 munera

302 2888 477 2946 Pectoribus
489 2889 599 2946 nostris
612 2888 678 2964 pius
692 2887 839 2958 infundat,

303 2969 378 3027 Vita
391 2975 492 3027 nostra
506 2971 534 3027 ei
546 2975 582 3027 ut
595 2969 780 3045 complaceat.

302 3050 361 3108 Per
374 3051 547 3108 saeculorum
561 3050 667 3107 saecula

302 3130 524 3189 Conclamemus
537 3131 685 3206 Alleluya.

302 3211 349 3269 Sit
363 3213 427 3270 Deo
441 3213 513 3285 laus,
529 3218 667 3289 potestas,
683 3211 789 3283 virtus,
805 3209 943 3267 honoret
959 3207 1058 3284 gloria.

58 3315 209 3456 babgi'eriu
232 3327 348 3392 quarte,
374 3318 530 3394 Sequentia
553 3319 642 3392 Veni,
669 3319 776 3376 Sancte
801 3317 937 3395 Spiritus,
960 3325 994 3374 cet
1018 3298 1114 3391 infre
1126 3316 1265 3391 praecino

77 3394 83 3419 ¹
135 3406 190 3455 eto.

117 3493 286 3553 Secundum
299 3494 326 3551 J
324 3496 466 3556 oioeeaem
479 3499 523 3575 (a.
542 3498 637 3574 1-10).

117 3574 158 3632 In
181 3576 233 3633 illo
257 3585 397 3655 tempore,
424 3579 513 3636 Dixit
539 3580 561 3637 J
563 3599 628 3636 esus
652 3578 803 3656 discipulis
824 3577 905 3635 suis:
939 3577 1047 3648 Amen,
1074 3595 1168 3647 amen,
1195 3577 1262 3634 dico

57 3656 159 3714 vobis:
179 3658 232 3732 qui
253 3678 314 3716 non
333 3659 428 3716 intrat
448 3679 502 3736 per
521 3661 630 3718 ostium
643 3680 733 3736 usque
747 3661 788 3717 od
808 3678 861 3737 ego
874 3658 944 3716 veni
957 3663 993 3714 ut
1005 3657 1100 3716 vitam
1120 3657 1257 3729 habeant,

57 3742 89 3793 et
101 3738 302 3796 abundantius
315 3739 451 3798 habeant

117 3832 429 3993 ξζξὺγείιῖἔᾜειρθηιίἠ
443 3917 598 3989 Dominus,
613 3923 644 3974 et
657 3918 735 3993 pluit
748 3917 808 3974 illis
821 3936 931 3974 manna
943 3922 979 3973 ut
993 3916 1113 3974 ederent
1126 3937 1133 3974 :
1154 3935 1259 3992 panem

56 3993 121 4052 caeli
134 3995 216 4053 dedit
231 3997 272 4054 eis
284 4017 294 4070 3
316 4017 422 4074 panem
436 3998 607 4075 angelorum
621 3997 812 4055 manducavit
825 3996 922 4070 homo,
937 3996 1073 4073 alleluya.

116 4089 259 4231 {diridet
285 4193 348 4246 nos,
376 4173 514 4248 Domine,
537 4142 711 4251 quaesumus,
737 4174 867 4232 muneris
894 4173 1046 4250 praesentis
1080 4171 1197 4242 oblatio,
1227 4179 1262 4228 et

55 4252 158 4330 dignos
180 4273 262 4312 sacra
281 4255 507 4331 participatione
528 4254 667 4332 perficiat.

116 4333 299 4397 Commenta

72 4494 94 4552 ss
110 4414 245 4552 lSpiritus
259 4416 311 4492 qui
324 4437 342 4473 a
356 4416 446 4473 Patre
465 4417 607 4493 procedit,
622 4415 769 4493 alleluya:
789 4416 840 4473 ille
856 4436 903 4474 me
924 4412 1105 4484 clarificabit,
1121 4410 1255 4488 alleluya,

54 4514 72 4550 a
95 4515 188 4572 enya.
287 4562 290 4568 ⁴
652 4526 656 4532 ·
