2886 4994
350 373 398 437 Iu
421 372 512 436 Festo
537 369 693 456 Corporis
716 370 849 437 Christi.

370 539 524 609 Quantum
537 544 620 614 potes
635 544 754 595 tantum
766 539 871 613 gaude,

409 620 488 688 Quia
501 620 596 694 major
609 620 690 676 omni
703 620 798 692 laude,

451 699 516 756 Nec
529 700 649 756 laudare
663 701 778 758 sufficis.

371 780 482 838 Laudis
495 780 595 837 thema
608 781 750 857 specialis,

411 861 503 918 Panis
515 861 604 918 vivus
618 868 648 918 at
661 861 762 918 vitalis

453 942 553 999 Hodie
566 942 758 1018 proponitur3

373 1022 468 1092 Quem
482 1023 515 1078 in
528 1042 616 1079 sacrae
630 1042 731 1079 mensa
744 1041 822 1080 cenae

413 1103 519 1160 Turbae
533 1103 660 1160 fratrum
673 1103 814 1161 duodenae

455 1184 569 1240 Datum
582 1204 642 1241 non
656 1185 825 1260 ambigitur.

375 1265 422 1322 Sit
435 1265 501 1323 laus
514 1265 610 1340 plena,
626 1265 666 1322 sit
678 1284 792 1337 sonora,

415 1345 462 1403 Sit
470 1346 608 1421 jocunda,
624 1346 664 1403 sit
676 1346 780 1404 decora

455 1425 568 1483 Mentis
576 1426 717 1502 jubilatio
726 1447 735 1499 ;

376 1506 449 1564 Dies
462 1508 541 1564 anim
556 1508 704 1564 sollemnis
718 1508 824 1583 agitur,

417 1588 456 1644 In
470 1608 529 1663 qua
542 1608 649 1645 mensae
663 1589 758 1663 prima
771 1587 912 1646 recolitur

456 1669 559 1744 Hujus
572 1668 729 1726 institutio.

377 1748 416 1806 In
429 1749 484 1806 hac
496 1769 598 1806 mensa
610 1750 681 1807 novi
694 1749 771 1826 regis

418 1830 539 1887 Novum
554 1829 667 1887 Pascha
680 1830 852 1907 novaelegis

459 1911 573 1968 Pascha
586 1917 672 1968 vetus
685 1912 833 1968 terminat.

381 1991 572 2049 vetustatem
585 1992 711 2064 novitas

422 2072 569 2130 Umbram
582 2073 667 2150 fugat
680 2073 799 2145 veritas,

462 2153 589 2211 Noctem
603 2155 657 2211 lux
670 2155 828 2211 illuminat.

261 2351 393 2412 Secundo
414 2353 468 2411 dte.

385 2452 472 2520 Quod
485 2452 518 2508 in
532 2471 605 2508 cena
619 2451 754 2508 Christus
767 2450 867 2527 gessit,

425 2533 607 2589 Faciendum
620 2531 675 2588 hoc
689 2532 834 2606 expressit

466 2613 506 2668 In
520 2613 567 2669 sui
580 2613 758 2669 memoriam.

387 2693 477 2750 Docti
490 2693 580 2749 sacris
594 2693 750 2763 institutis,

429 2773 549 2844 Panem,
565 2773 678 2842 vinum,
692 2773 725 2828 in
739 2772 843 2829 saiutis

469 2853 679 2912 consecramus
692 2852 827 2912 hostiam.

389 2936 505 3011 Dogma
518 2935 606 2992 datur
620 2934 805 3004 Christianis,

432 3016 518 3086 Quod
531 3017 564 3072 in
577 3035 694 3073 carnem
708 3014 816 3072 transit
829 3013 921 3090 panis,

471 3097 513 3154 Et
526 3098 630 3153 vinum
644 3097 677 3153 in
691 3095 871 3172 sanguinem

392 3178 478 3248 Quod
492 3197 553 3235 non
566 3178 654 3253 capis,
669 3177 748 3253 quod
760 3196 822 3234 non
834 3175 926 3247 vides,

432 3259 578 3316 Animosa
592 3259 691 3315 firmat
705 3257 785 3331 fides,

473 3340 588 3396 Praeter
600 3359 698 3396 rerum
713 3339 853 3396 ordinem.

393 3420 455 3478 Sub
469 3421 593 3478 diversis
607 3420 765 3497 speciebus,

434 3501 533 3578 Signis
547 3507 666 3558 tantum
679 3506 711 3558 et
723 3521 785 3558 non
797 3501 893 3568 rebus,

476 3583 586 3640 Latent
599 3602 645 3640 res
659 3582 775 3640 eximiae
788 3603 794 3639 :

395 3661 470 3720 (iero
485 3664 576 3736 cibus,
591 3664 710 3740 sanguis
724 3669 830 3738 potus;

435 3743 540 3801 Manet
553 3750 654 3802 tamen
668 3743 804 3800 Christus
817 3748 899 3800 totus

476 3824 539 3881 Sub
552 3831 678 3901 utraque
691 3823 794 3901 specie.

396 3904 428 3962 A
442 3911 576 3962 sumente
589 3925 650 3962 non
664 3903 823 3974 concisus*

437 3985 509 4042 Non
523 3985 695 4054 confractus,
711 4005 771 4042 non
785 3985 905 4057 divisus,

478 4066 600 4142 Integer
612 4065 762 4141 accipitur.

398 4147 497 4205 Sumit
510 4167 597 4217 unus,
611 4152 734 4204 sumunt
746 4146 847 4220 mille;

441 4229 595 4299 Quantum
608 4228 660 4285 isti
672 4232 791 4284 tantum
804 4227 864 4298 ille,

480 4310 512 4366 N
514 4329 545 4366 ec
559 4316 694 4385 sumptus
707 4308 898 4365 consumitur.

433 4521 445 4547 ¹
462 4522 503 4569 Sic
519 4523 591 4570 MSS.
622 4521 856 4568 ndu-consciam
