2918 4986
202 390 203 393 ’
285 377 425 446 meten
443 377 609 460 Quottoor
629 379 832 465 Tempornrn
848 379 1127 465 Qnuirrnpesinne.
1260 381 1301 450 57

164 544 188 604 O
209 546 355 604 ertorinm.

160 548 291 685 Binedic
312 627 411 683 anima
430 646 495 684 mea
516 627 654 700 Domino,
676 633 706 685 et
726 627 788 684 noli
812 627 946 685 oblivisci
969 648 1070 687 omnes
1092 628 1302 686 retributiones

97 708 181 784 ejus:
201 714 232 765 et
245 708 436 764 renovabitur
449 707 524 765 siout
538 708 643 784 aquilae
653 709 796 784 juventus
809 714 870 766 tua.

160 804 281 862 Secreto.

161 885 289 960 Suscipe,
306 885 441 957 Domine,
458 904 632 960 quaesumus,
647 904 770 942 munera
790 885 898 943 nostris
919 886 1019 944 oblata
1039 887 1166 944 servitiis
1175 907 1184 960 3
1205 893 1236 946 ct
1248 893 1302 946 tua

97 966 246 1042 propitius
261 966 338 1023 dona
351 965 508 1024 sanctifica
550 966 611 1025 Per
624 967 796 1024 Dominum.

159 1060 342 1121 Communia

160 1142 344 1200 Erubescant
357 1148 388 1200 et
402 1143 625 1216 conturbentur,
634 1162 735 1201 omnes
745 1143 859 1201 inimici
869 1145 940 1202 mei:
955 1151 1130 1203 avertantur
1140 1151 1301 1204 retrorsum

97 1231 129 1280 et
142 1223 316 1281 erubescant
329 1223 415 1281 valde
429 1224 574 1282 velociter.

160 1320 400 1379 Poetoornnannio.

161 1400 219 1460 Per
239 1402 336 1478 hujus,
350 1402 487 1474 Domine,
503 1403 704 1479 operationem
723 1404 857 1479 mysterii
878 1409 908 1462 et
922 1405 998 1463 vitia
1017 1411 1120 1462 nostra
1136 1411 1302 1483 purgentur

97 1489 130 1540 et
139 1483 223 1559 justa
236 1483 380 1541 desideria
393 1482 603 1561 compleantur.
647 1482 706 1541 Per
719 1484 890 1542 Dominum.

160 1579 255 1655 Super
267 1579 423 1654 Populum.

97 1700 101 1705 ·
159 1660 278 1718 Exaudi
292 1679 353 1732 nos,
368 1659 532 1718 misericors
546 1661 635 1733 Deus,
652 1667 682 1718 et
698 1660 848 1718 mentibus
868 1662 976 1719 nostris
997 1662 1098 1739 gratiae
1119 1667 1179 1720 tuae
1199 1663 1301 1720 lumen

99 1741 229 1800 ostende.
273 1741 332 1798 Per
346 1741 516 1798 Dominum.

432 1923 571 1980 Snaanro
593 1922 763 1992 Quamuon
784 1921 967 1981 Tnnrosuu.

159 2052 211 2111 Aa
223 2053 356 2112 Miasena
400 2052 539 2127 Officium.

157 2133 259 2192 Intret
273 2135 367 2191 oratio
381 2153 446 2192 mea
458 2134 492 2190 in
505 2139 663 2211 conspectu
676 2139 748 2192 tuo:
772 2135 883 2193 inclina
902 2155 1005 2193 aurem
1024 2141 1109 2193 tuam
1128 2137 1166 2194 ad
1186 2155 1300 2212 precem

96 2234 202 2288 meam,
218 2214 353 2272 Domine.

158 2312 304 2371 Psolrnns.

159 2411 287 2468 Domine
301 2411 383 2468 Deus
396 2410 500 2468 salutis
513 2429 584 2468 meae
598 2432 604 2468 :
625 2411 659 2467 in
672 2411 719 2473 die
733 2411 858 2469 clamavi
871 2418 901 2469 et
914 2418 1000 2470 nocte
1015 2432 1116 2470 coram
1132 2418 1170 2470 te.

158 2505 231 2565 Non
251 2508 361 2565 dintnr
374 2507 521 2565 Dominus
534 2508 686 2567 vobiscum
706 2510 747 2566 od
761 2508 920 2581 Oratimns,
938 2511 998 2568 nisi
1018 2512 1059 2567 acl
1078 2510 1215 2568 nltimam
1235 2521 1302 2569 ante

96 2587 270 2664 Epistoiorn,
285 2589 389 2646 scilicet
403 2589 485 2647 Deus
499 2589 550 2664 qui
564 2589 660 2646 tribus
673 2591 779 2666 pueris,
796 2591 836 2647 ad
850 2611 940 2666 qnam
962 2600 1078 2648 tentant
1100 2601 1209 2648 tacetur
1222 2593 1302 2650 Flec-

95 2676 197 2726 tamus
218 2688 322 2746 genus,
337 2670 386 2727 sed
400 2670 551 2745 praemisso
570 2669 696 2727 Oremus
714 2680 739 2727 et
760 2670 928 2728 Flectamus
947 2691 1049 2748 genua.
1087 2670 1129 2728 In
1146 2672 1214 2729 aliis
1230 2672 1301 2731 Ora

96 2750 234 2820 tionibus,
249 2751 406 2825 snbjnnyot
419 2751 570 2825 Presbyter
585 2749 758 2809 Orationem.
802 2748 854 2830 [m
876 2772 972 2810 omnes
992 2752 1138 2810 Lectiones
1156 2773 1222 2811 enne
1239 2754 1302 2812 anis

97 2830 195 2889 titulis
212 2831 462 2906 tepentem—MS.
481 2828 534 2911 1).]

158 2927 307 3085 ggffim
328 3015 422 3080 tuum,
438 3028 614 3084 quaesumus,
629 3009 767 3080 Domine,
782 3008 927 3084 propitius
947 3009 1057 3085 respice
1067 3029 1076 3082 3
1098 3014 1186 3085 atque
1206 3009 1244 3066 ab
1266 3029 1300 3067 eo

96 3089 213 3167 flagella
226 3095 286 3146 tuae
299 3089 458 3147 iracundiae
472 3090 630 3147 clementer
643 3096 751 3147 averte.
795 3089 853 3146 Per
867 3089 1038 3147 Dominum.

159 3186 254 3245 Lectio
268 3187 336 3244 libri
348 3187 567 3245 Deuteronornii
587 3187 679 3264 (nani.
697 3187 810 3265 15-19).

160 3280 200 3339 In
220 3281 322 3339 diebus
341 3282 408 3352 illis,
424 3283 555 3340 Locutus
574 3288 619 3340 est
640 3282 758 3357 Moyses
778 3283 816 3340 ad
830 3282 1002 3356 Dominum,
1025 3283 1142 3341 dicens:
1165 3283 1298 3360 Respice,

99 3362 236 3435 Domine,
252 3363 288 3420 de
301 3363 468 3421 sanctuario
481 3369 534 3421 tuo
554 3384 644 3439 iisqne
658 3365 699 3421 acl
718 3370 753 3422 ut
773 3364 812 3421 sis
826 3363 953 3440 populus
969 3371 1089 3422 sanctus
1104 3364 1228 3423 Domini
1241 3365 1300 3423 Dei

99 3444 156 3517 tui,
170 3443 247 3502 sicut
260 3444 376 3502 locutus
390 3444 512 3502 esttibi

161 3538 296 3597 Graiam.

158 3619 316 3678 Protector
328 3626 429 3678 noster
441 3620 544 3697 aspice,
560 3621 640 3678 Deus
652 3642 658 3678 :
680 3627 710 3678 et
723 3623 835 3699 respice
849 3641 937 3699 super
950 3642 1049 3680 servos
1063 3628 1139 3682 tuos.

103 3700 134 3758 V.
160 3700 289 3758 Domine
303 3701 385 3758 Deus
398 3702 564 3760 virtutum:
585 3701 693 3759 exaudi
705 3722 806 3779 preces
819 3723 971 3761 servorum
985 3710 1114 3762 tuorum.

158 3795 288 3855 Nninnn
310 3797 435 3856 &odnie
455 3807 600 3874 repetatur
618 3808 686 3874 post
712 3799 836 3858 Versnna

159 3894 305 4052 Dreilsuiiui
313 3995 367 4034 nos
376 3977 409 4033 in
419 3976 513 4035 tantis
526 3977 664 4053 periculis
673 3980 851 4037 constitutos
864 3998 917 4054 pro
931 3978 1061 4037 humana
1074 3981 1129 4038 scis
1139 3980 1301 4058 fragilitate

98 4075 159 4114 non
179 4076 263 4133 posse
284 4057 450 4130 subsistere,
475 4058 512 4116 da
533 4059 618 4116 nobis
639 4059 765 4117 salutem
783 4060 891 4117 mentis
912 4066 942 4118 et
962 4060 1097 4136 corporis,
1122 4068 1157 4120 ut
1179 4081 1214 4118 ea
1234 4081 1299 4138 qnae

98 4156 152 4213 pro
165 4139 292 4214 peccatis
305 4138 415 4196 nostrie
435 4139 566 4214 patimur
578 4146 609 4197 te
623 4140 782 4216 adjuvante
795 4141 955 4199 vincamus.
999 4140 1058 4199 Per
1072 4142 1243 4200 Dominum.

158 4235 253 4295 lectio
267 4235 336 4294 libri
349 4236 567 4295 Deuteronomii
587 4236 642 4314 (cci.
659 4238 774 4316 22-25).

158 4333 198 4390 In
218 4333 322 4391 diebus
341 4333 411 4404 illis,
425 4333 515 4391 Dixit
529 4333 647 4408 Moyses
667 4334 735 4391 filiis
754 4334 865 4392 Israel:
888 4335 922 4392 Si
942 4334 1140 4392 custodieritis
1159 4333 1300 4391 mandata

98 4432 164 4490 quae
178 4434 231 4491 ego
249 4414 387 4491 praecipio
400 4415 484 4471 vobis
504 4435 593 4490 nsque
614 4415 654 4472 orl
674 4435 761 4492 super
781 4435 898 4473 omnem
918 4423 1030 4474 terram
1051 4434 1139 4491 quarn
1159 4414 1300 4473 calcaturi

97 4494 177 4568 estis,
193 4496 269 4553 sicut
282 4496 400 4554 locutus
414 4500 459 4552 est
472 4496 554 4554 vobis
568 4495 715 4553 Dominus
729 4497 811 4554 Deus
824 4501 928 4554 vester.
1216 4512 1218 4516 ’
