2918 4986
418 350 636 416 Hebdomada
651 373 679 416 o.
696 320 973 436 Qacdroposimoa
1253 353 1293 423 79

96 538 162 595 ergo
176 517 294 594 lapides,
309 524 344 575 ut
360 518 494 594 jacerent
508 518 540 575 in
560 538 646 576 eum:
676 517 765 576 Jcsus
786 524 886 576 autem
908 519 1062 577 abscondit
1085 538 1124 592 se,
1147 525 1178 578 et
1199 521 1294 579 exivit

95 599 130 657 de
150 598 269 674 templo.

156 679 348 754 offertorium.

154 760 324 818 Confitebor
336 760 401 832 tibi,
418 760 554 832 Domine,
569 760 601 817 in
616 766 680 818 toto
700 761 787 818 corde
808 780 894 820 mco:
916 761 1047 819 retribue
1071 781 1155 820 servo
1176 768 1238 832 tuo,
1258 772 1294 822 ut

93 842 201 914 vivam,
233 847 263 898 61
286 841 450 899 custodiam
480 861 628 899 sermones
648 848 735 899 tuos:
766 842 885 900 vivifica
910 861 958 899 me
986 843 1145 900 secundum
1170 845 1293 903 verbum

94 928 187 994 tuum,
209 921 344 980 Domina

152 1003 273 1061 Secreto.

152 1077 228 1140 Haec
261 1102 391 1154 munera,
421 1102 595 1158 quaesumus,
625 1083 763 1154 Domine,
791 1089 820 1141 61
852 1083 972 1141 vincula
998 1091 1106 1142 nostrae
1134 1087 1292 1162 pravitatis

94 1163 253 1235 absolvant,
263 1170 294 1220 et
306 1170 366 1221 tuae
380 1165 464 1220 nobis
478 1164 682 1222 misericordiae
696 1165 772 1222 dona
786 1165 949 1223 concilient
993 1165 1052 1222 Per
1065 1166 1235 1226 Dominum.

152 1243 301 1320 Praefatio.
346 1245 407 1314 Qui
420 1245 553 1302 salutem.

103 1376 140 1395 ,,,
154 1324 333 1383 Communia

152 1405 220 1463 Hoc
234 1425 338 1482 corpus
352 1406 430 1481 quod
445 1425 497 1481 pro
511 1405 593 1463 vobis
607 1405 759 1463 tradetur:
779 1405 827 1463 hic
841 1405 920 1463 calix
933 1406 1004 1462 novi
1017 1409 1187 1466 testamenti
1201 1417 1245 1468 est
1259 1411 1292 1469 in

95 1505 156 1544 meo
179 1488 329 1564 sanguine,
350 1487 422 1543 dicit
445 1487 612 1545 Dominus:
642 1487 697 1544 hoc
723 1487 819 1559 facite,
845 1488 1086 1563 quotiescumque
1110 1491 1234 1564 sumitis,
1258 1493 1290 1549 in

95 1586 186 1625 meam
207 1569 519 1625 commemorationem.

149 1648 390 1706 Poatcommunio.

149 1729 264 1787 Adesto
291 1729 384 1801 nobis,
414 1748 587 1805 quesumus,
618 1728 747 1785 Domine
781 1728 863 1786 Deus
896 1734 1021 1786 noste-r:
1059 1735 1090 1788 et
1123 1750 1196 1806 quos
1229 1734 1289 1792 tuis

96 1811 237 1885 mysteriis
251 1810 398 1883 recreasti,
412 1809 562 1886 perpetuis
576 1809 698 1867 defende
712 1809 857 1867 subsidiis.
900 1809 959 1867 Per
972 1810 1141 1869 Dominum.

550 1969 650 2027 Fanni
671 1969 822 2028 Securos.

123 2097 126 2104 .
152 2050 291 2125 Officium.

150 2131 291 2189 Miserere
312 2131 394 2204 mihi,
418 2131 555 2204 Domine,
578 2132 717 2208 quoniam
739 2132 922 2190 conculcavit
945 2152 991 2189 me
1013 2132 1120 2192 homo:
1154 2141 1219 2193 tota
1241 2138 1288 2196 die

92 2211 200 2269 bellans
213 2212 370 2269 tribulavit
383 2231 437 2269 me.

148 2293 291 2350 Pcolmua

149 2373 402 2431 Oonculcaverunt
416 2393 462 2431 me
477 2373 590 2430 inimici
609 2374 667 2431 mei
690 2379 754 2432 tota
775 2375 843 2433 die:
874 2376 1014 2451 quoniam
1035 2377 1124 2436 multi
1145 2378 1288 2438 bellantes

90 2453 242 2512 adversum
265 2473 318 2512 me.

150 2534 258 2592 Oratio.

149 2614 312 2687 Sanctifica,
327 2635 500 2691 quaesumus,
517 2616 653 2687 Domine,
676 2622 773 2674 nostra
792 2617 925 2693 jejunia:
955 2624 986 2677 et
1007 2626 1181 2678 cunctarum
1202 2624 1287 2681 nobis

89 2696 234 2772 propitius
247 2696 462 2774 indulgentiam
476 2697 583 2773 largire
597 2696 758 2774 culparum.
802 2697 861 2756 Per
873 2700 1043 2758 Dominum.

147 2777 242 2834 Lectio
262 2775 348 2834 Jonae
367 2777 516 2852 Propbetae
539 2777 602 2851 (111.
607 2782 637 2852 ).

148 2857 187 2915 In
208 2857 310 2915 diebus
330 2858 400 2930 illis,
418 2859 542 2915 Factum
564 2866 609 2916 est
630 2858 754 2915 verbum
776 2858 900 2916 Domini
921 2860 960 2917 nd
980 2860 1002 2917 J
1004 2880 1091 2918 onam
1112 2862 1286 2938 prophetam

87 2939 222 3011 secundo,
245 2938 363 2996 dicens:
393 2940 485 3014 Surge
507 2947 538 2996 et
561 2939 636 2996 vade
658 2939 690 2996 in
712 2938 845 2997 Niniren
866 2960 957 3015 usqae
974 2943 1015 2998 ad
1036 2948 1067 2999 61
1084 2943 1220 3001 misertus
1241 2952 1286 3002 est

87 3020 195 3095 populo
208 3038 261 3076 suo
275 3019 422 3077 Dominus
436 3020 518 3076 Deus
532 3026 639 3077 noster.

150 3099 282 3157 Grodale.

147 3179 238 3253 Deus,
253 3181 362 3238 exaudi
375 3182 538 3239 orationem
551 3201 665 3239 meam:
687 3181 807 3238 auribus
822 3182 937 3258 percipe
950 3183 1041 3240 verba
1054 3183 1113 3241 oris
1126 3185 1191 3242 mei.

94 3260 123 3320 V.
148 3261 229 3319 Deus
243 3263 276 3318 in
289 3263 408 3320 nomine
421 3268 474 3320 tuo
488 3263 602 3320 salvum
616 3282 662 3320 me
675 3262 739 3321 fac:
760 3269 792 3320 61
804 3263 836 3319 in
849 3264 962 3320 virtute
974 3269 1027 3320 tua
1045 3265 1148 3341 judica
1160 3285 1214 3324 me.

146 3341 313 3401 Secundam
332 3342 497 3401 Jobonnem
517 3342 582 3420 (mi.
607 3344 721 3421 32-39).

147 3423 187 3479 In
199 3423 252 3480 illo
271 3429 411 3500 tempore,
426 3425 576 3481 Miserunt
595 3425 742 3501 principes
755 3431 786 3482 61
800 3424 942 3482 Pharisaei
962 3425 1120 3498 ministros,
1134 3432 1170 3484 ut
1184 3448 1284 3505 appre-

87 3501 250 3561 henderent
275 3505 388 3562 Jesum.
441 3505 531 3561 Dixit
554 3525 623 3581 ergo
648 3506 689 3563 eis
713 3505 821 3562 Jesus:
855 3507 965 3564 Adhuc
992 3508 1141 3565 modicum
1167 3515 1284 3586 tempus

87 3584 237 3665 nobiscum
250 3603 333 3642 sum:
355 3606 445 3660 usqae
458 3587 499 3643 od
520 3585 575 3643 hoc
596 3593 696 3644 autem
718 3586 797 3643 dixit
818 3587 855 3644 de
878 3586 1001 3664 Spiritu,
1024 3608 1113 3664 quem
1136 3594 1284 3667 accepturi

87 3672 170 3722 erant
184 3664 335 3723 credentes
349 3667 381 3723 111
394 3686 469 3725 cum.

149 3745 341 3820 Offcrtorc'am.

146 3824 284 3898 Domine,
299 3832 468 3885 convertere
481 3833 511 3885 et
525 3828 605 3905 eripe
618 3829 746 3886 animam
769 3848 883 3886 meam:
912 3829 1028 3887 salvum
1040 3838 1087 3889 m'e
1101 3831 1146 3889 fac
1164 3840 1284 3910 propter

87 3905 314 3965 misericordiam
327 3906 417 3966 tuam.

146 3987 266 4046 Secreta.

146 4067 279 4126 Concede
304 4069 399 4141 nobis,
427 4064 556 4127 Domine
583 4070 665 4128 Deus
692 4076 798 4140 noster,
821 4076 856 4129 ut
879 4071 941 4129 haec
964 4072 1061 4130 hostia
1088 4074 1224 4132 salutaris
1252 4081 1283 4132 et

86 4154 253 4284 ppstrorum
270 4149 323 4207 fiat
335 4151 472 4227 purgatio
492 4151 675 4224 delictorum,
691 4157 721 4209 61
741 4157 801 4208 tuae
821 4153 993 4229 propitiatio
1012 4155 1183 4231 majestatis.
1224 4155 1284 4213 Per

119 4247 256 4288 ommum.

118 4311 121 4316 ’
145 4310 295 4386 Proefotio.
340 4311 399 4381 Qui
412 4311 544 4370 salutem.

146 4390 327 4450 Coruncanio.

138 4466 291 4531 ‘Dominus
304 4473 470 4534 virtutum:
490 4473 553 4550 ipse
567 4479 612 4532 est
625 4494 678 4532 rex
691 4473 797 4553 gloriae.
843 4503 845 4507 ⁴
