2918 4986
413 330 633 429 Hebdomada
647 332 687 427 a'i.
706 361 985 446 Qaadropese'oroe.
1119 321 1124 328 -
1260 363 1301 426 63

160 534 256 610 Scopae
269 533 424 609 Popularia
470 531 578 589 Oratio.

160 615 334 692 Propitiare,
351 613 487 684 Domine,
502 610 765 688 supplicationibus
778 609 896 683 nostris,
913 616 943 667 et
956 610 1122 667 animarum
1135 615 1302 668 nostrarum

99 695 217 754 medere
229 695 419 771 languoribus
430 713 440 765 3
461 698 497 750 ut
510 693 679 750 remissione
693 690 837 769 percepta,
852 692 885 747 in
899 697 952 748 tua
969 710 1083 768 semper
1100 691 1303 750 benedictione

99 777 241 835 laetemur.
285 776 343 834 Per
356 774 526 832 Dominum.

326 956 328 961 -
573 918 672 975 Ferro
693 918 830 987 Quaero.

149 1003 210 1072 ,Ad
223 1003 354 1059 Missom.
400 999 538 1075 Officium.
611 1027 613 1032 ·

162 1084 212 1141 Ne
227 1082 412 1159 derelinquas
429 1100 485 1152 me,
501 1080 628 1137 Domine
649 1080 731 1137 Deus
751 1098 851 1151 meus3
872 1098 910 1136 ne
924 1079 1054 1137 discedas
1067 1100 1085 1137 a
1097 1099 1163 1153 me3
1182 1081 1304 1140 intende

100 1167 133 1222 in
147 1164 328 1240 adjutorium
341 1182 448 1234 meum,
465 1161 602 1234 Domine,
617 1161 712 1217 virtus
726 1160 830 1217 salutis
844 1178 922 1217 mere.

162 1244 308 1303 Psalmas.

163 1326 299 1397 Domine,
314 1344 352 1382 ne
365 1324 399 1380 in
412 1324 510 1380 furore
524 1328 576 1380 tuo
591 1341 695 1398 arguas
709 1341 773 1402 me:
794 1340 889 1398 neque
903 1321 936 1378 in
949 1322 994 1378 ira
1007 1327 1061 1379 tua
1074 1323 1213 1400 corripias
1228 1344 1282 1382 me,

166 1407 274 1464 Oratio.

164 1486 311 1563 Populum
331 1492 426 1557 tuum,
443 1504 618 1561 quaesumus
641 1483 778 1554 Domine,
801 1482 946 1559 propitius
968 1484 1098 1560 respice:
1120 1489 1151 1541 et
1173 1505 1246 1560 quos
1267 1487 1304 1543 ab

101 1569 175 1627 escis
188 1567 353 1625 carnalibus
366 1566 499 1642 praecipis
513 1566 668 1636 abstinere,
684 1584 700 1622 a
714 1563 813 1621 noxiis
827 1582 943 1639 quoque
953 1564 1036 1621 vitiis
1046 1583 1156 1622 cessare
1170 1566 1302 1624 concede.

101 1650 162 1708 Per
175 1648 345 1706 Dominum.

163 1729 303 1805 Epistola.
345 1728 441 1784 Lectio
455 1727 523 1784 libri
537 1727 639 1784 Hester
652 1725 733 1802 (aiii.
751 1725 829 1799 9-11,
847 1723 959 1802 15-17).

163 1810 204 1868 In
224 1809 327 1867 diebus
344 1808 411 1880 illis,
428 1808 534 1865 Oravit
554 1807 665 1865 Hester
685 1807 723 1863 ad
743 1806 906 1863 Dominum
927 1807 1026 1863 dicens
1036 1827 1044 1878 3
1065 1807 1193 1864 Domine
1213 1809 1304 1879 Deus,

101 1911 157 1950 rex
170 1891 355 1967 omnipotens
368 1909 458 1964 usqae
471 1889 512 1946 ad
525 1889 567 1945 Et
579 1908 616 1945 ne
633 1887 751 1945 claudas
770 1907 821 1945 ora
839 1887 1008 1944 canentium
1022 1893 1061 1961 te,
1077 1889 1206 1946 Domine
1223 1891 1305 1947 Deus

102 1977 211 2030 noster.
432 1981 433 1984 ’

167 2051 300 2111 Gradole.
498 2111 501 2116 .

164 2133 286 2191 Salvum
299 2131 345 2188 fac
358 2131 500 2207 populum
513 2135 609 2202 tuum,
624 2130 769 2186 Domine:
791 2135 821 2186 et
835 2130 957 2186 benedic
970 2128 1138 2188 haereditati
1151 2136 1219 2189 tuae.

107 2215 139 2274 V.
164 2213 216 2271 Ad
230 2220 269 2286 te,
285 2212 422 2284 Domine,
437 2212 586 2269 clamabo:
608 2212 690 2267 Deus
707 2229 798 2284 meus,
814 2229 852 2267 ne
872 2211 957 2268 sileas
977 2231 994 2269 a
1015 2231 1070 2283 me,
1087 2218 1117 2269 et
1135 2231 1184 2270 ero
1203 2212 1306 2270 similis

101 2294 346 2354 descendentibus
359 2294 392 2349 in
405 2292 509 2350 lacum.

164 2375 332 2434 Secundam
345 2373 519 2430 Marelsaeam
533 2372 595 2449 (aa.
615 2372 730 2450 17-28).

165 2455 204 2513 In
217 2455 269 2512 illo
283 2461 423 2530 tempore,
438 2453 609 2511 Ascendons
622 2454 644 2511 J
646 2472 711 2510 esus
725 2452 972 2528 Hierosolymam,
983 2454 1140 2530 assumpsit
1154 2455 1307 2514 duodecim

101 2537 261 2613 discipulos
275 2555 341 2593 suos
355 2539 473 2606 secreto,
487 2541 517 2592 et
527 2534 570 2591 ait
581 2534 658 2605 illis3
680 2534 755 2591 Ecce
769 2534 952 2593 ascendimus
963 2533 1202 2611 Hierosolymam
1216 2557 1305 2611 aequo

101 2619 146 2676 od
158 2618 210 2676 sed
223 2617 399 2688 ministrare,
414 2622 445 2672 et
458 2615 527 2673 dare
541 2615 670 2672 animam
685 2634 768 2671 suam
781 2615 814 2671 in
827 2615 1060 2692 redemptionem
1073 2635 1126 2692 pro
1140 2617 1250 2675 multis.

168 2697 359 2772 Offertooiaoe.

165 2778 217 2837 Ad
240 2784 280 2850 te,
298 2777 435 2849 Domine,
457 2776 554 2834 levavi
575 2776 704 2833 animam
726 2794 838 2832 meam:
864 2777 946 2833 Deus
968 2795 1059 2848 meus,
1079 2777 1112 2833 in
1134 2783 1165 2834 te
1183 2777 1305 2850 confido,

102 2880 165 2918 non
180 2859 368 2929 erubescam3
390 2877 484 2934 neque
497 2857 642 2915 irrideant
654 2876 701 2914 me
715 2856 828 2912 inimici
842 2856 907 2928 mei,
924 2857 1033 2913 etenim
1054 2857 1185 2914 universi
1205 2859 1257 2934 qui
1277 2865 1306 2915 te

104 2945 265 3017 expectant
277 2959 337 2996 non
352 2938 577 2997 confundentur.

166 3020 286 3080 Secreto.

167 3101 298 3170 Hostias,
313 3119 486 3177 quaesumus,
501 3098 638 3169 Domine,
650 3117 722 3174 quas
735 3097 793 3154 tibi
806 3097 955 3159 offerimus
968 3097 1113 3174 propitius
1126 3098 1236 3175 respice
1247 3118 1256 3172 3
1278 3106 1309 3157 et

105 3202 159 3258 per
171 3183 234 3240 haec
247 3186 349 3238 sancta
361 3181 534 3238 commercia
548 3178 666 3236 vincula
686 3183 872 3254 peccatorum
892 3185 1060 3236 nostrorum
1081 3179 1207 3238 absolve.
1251 3180 1309 3238 Per

107 3263 278 3320 Dominum.
1332 3276 1334 3280 ’

169 3342 351 3402 Coorooaaio.

167 3425 189 3482 J
189 3430 274 3481 ustus
288 3423 442 3495 Dominus,
459 3427 489 3480 et
499 3422 632 3498 justitias
646 3421 770 3479 dilexit:
791 3421 962 3497 aequitatem
975 3421 1052 3480 vidit
1065 3422 1167 3480 vultus
1180 3422 1250 3500 ejus

168 3504 412 3562 Postcommaaio.

169 3585 309 3662 Sumptis,
332 3584 468 3655 Domine,
490 3583 678 3641 sacramentis
702 3583 740 3640 ad
763 3583 973 3660 redemptionis
994 3589 1120 3657 aeternae,
1135 3605 1311 3662 quaesumus,

109 3665 296 3743 proficiamus
309 3671 507 3742 augmentum.
545 3664 609 3723 ‘Per
622 3664 792 3722 Dominum

169 3746 265 3822 Sopor
277 3746 434 3822 Populum.

170 3827 261 3900 Deus,
282 3826 458 3884 innocentiae
478 3826 633 3884 restitutor
655 3831 685 3883 et
706 3831 828 3898 amator,
851 3825 944 3902 dirige
968 3827 1006 3884 ad
1029 3834 1059 3885 te
1082 3834 1204 3886 tuorum
1225 3829 1312 3887 corda

108 3926 260 3966 servorum
270 3928 280 3981 3
293 3913 329 3964 ut
344 3907 472 3984 Spiritus
482 3907 529 3964 tui
538 3907 652 3964 fervore
666 3912 814 3983 concepto,
828 3913 858 3964 et
871 3908 904 3967 in
917 3907 974 3964 fide
987 3908 1180 3968 inveniantur
1192 3911 1313 3968 stabiles

108 3996 140 4047 et
153 3989 186 4045 in
199 4007 287 4066 opere
301 3988 435 4046 efficaces.
479 3987 538 4046 Per
552 3987 722 4045 Dominum.

588 4167 688 4225 Ferre
709 4167 839 4236 Quium.
895 4203 898 4208 -

174 4248 314 4325 Officiwoo.

172 4330 261 4406 Deus,
285 4331 319 4388 in
341 4329 521 4405 adjutorium
542 4348 640 4386 meum
662 4329 802 4402 intende3
830 4330 965 4401 Domine,
986 4331 1024 4388 ad
1044 4331 1244 4408 adjuvandum
1265 4350 1313 4389 me

109 4410 234 4472 festina:
255 4411 477 4472 connmdanrur
490 4416 520 4469 et
539 4416 729 4469 revereantur
741 4410 856 4470 inimici
874 4411 940 4484 mei,
956 4412 1009 4487 qui
1028 4417 1165 4487 quaerunt
1185 4411 1314 4470 animam

111 4511 217 4552 meam.
