2918 4986
106 4670 139 4737 io

496 340 545 404 Ia
565 340 658 406 Festo
680 339 790 405 sootcti
811 338 985 406 Edwardi.
1210 380 1213 388 ·
1306 345 1347 407 33

211 505 403 580 offertorium.

208 587 305 664 Reges
328 587 446 645 Tharsis
467 594 497 646 et
520 587 625 646 insulae
645 607 768 646 munera
788 589 931 647 offerent:
955 607 1037 666 roges
1059 587 1195 647 Arabum
1218 594 1249 647 et
1272 587 1349 647 Saba

145 669 224 726 dona
248 668 413 726 adducent:
445 676 475 726 et
498 669 664 726 adorabunt
686 688 754 727 eum
775 689 876 727 omues
897 689 979 746 reges
1002 677 1098 742 terrae,
1121 688 1222 727 omnes
1246 676 1349 747 gentes

147 749 278 807 servient
292 749 326 806 ei.

209 829 330 887 Secreto.

209 910 345 968 Ecclesiae
368 916 437 983 tuae,
459 930 635 988 quaesumus,
656 911 792 981 Domine,
815 911 892 969 dona
911 911 1056 988 propitius
1077 912 1213 970 intuere:
1242 912 1349 989 quibus

143 992 208 1068 jam
228 1010 290 1048 non
309 1011 415 1048 aurum
435 991 505 1048 thus
521 998 551 1049 et
571 991 692 1067 myrrha
705 992 861 1068 profertur,
879 993 929 1050 sed
950 993 1029 1068 quod
1049 993 1157 1051 eisdem
1178 992 1348 1050 muneribus

148 1071 321 1144 declaratur,
337 1072 516 1144 immolatur,
532 1080 563 1130 et
574 1074 710 1145 sumitur,
725 1073 747 1130 J
748 1092 814 1130 esus
828 1072 964 1130 Christus
978 1073 1127 1131 Dominus
1140 1080 1246 1132 noster.
1290 1073 1350 1144 Qui

148 1159 248 1215 tecum
261 1152 344 1210 vivit.

211 1233 353 1308 Praefatio
381 1233 458 1302 Quia
485 1253 552 1291 cum
580 1233 764 1310 Unigenitus
794 1233 920 1309 quotidie
951 1234 1061 1291 dicitur
1085 1255 1140 1310 per
1168 1234 1296 1306 Octavus,
1325 1229 1368 1292 αι’

150 1313 415 1372 Communicantes.
468 1313 611 1373 Similiter
634 1315 721 1372 etiam
738 1315 765 1371 si
788 1316 823 1372 de
839 1313 956 1373 Sanctis
972 1315 1097 1388 dicatur,
1115 1315 1173 1373 aive
1187 1318 1221 1374 de
1235 1335 1350 1374 comma-

150 1395 370 1453 morationibus.

214 1475 395 1535 Communia

211 1555 351 1613 Vidimus
366 1556 480 1614 stellam
494 1557 557 1633 ejus
570 1556 603 1614 in
617 1557 729 1614 oriente
742 1578 748 1614 :
770 1562 801 1614 et
815 1556 950 1614 venimus
963 1576 1030 1614 oum
1044 1557 1216 1614 muneribus
1229 1557 1350 1614 adorare

153 1636 325 1694 Dominum.

213 1716 452 1776 Poatoommuuio.

213 1797 334 1868 Praesta,
349 1817 523 1873 quaesumus,
540 1799 724 1874 omnipotens
744 1799 826 1856 Deus
835 1819 845 1872 3
866 1804 900 1856 ut
921 1799 1000 1876 quod
1019 1798 1154 1857 sollemni
1172 1798 1352 1857 celebramus
1439 1851 1440 1854 ,

153 1878 256 1952 officie,
271 1879 432 1956 purificata
446 1879 554 1936 mentis
567 1879 765 1956 intelligentia
777 1898 997 1956 consequamur.
1041 1881 1100 1937 Per
1115 1880 1284 1938 Dominum.

388 2062 516 2129 ¹Sarum
537 2062 689 2120 Enwnum
711 2063 808 2120 Rarus
829 2080 867 2120 nr
889 2063 1101 2122 Oournssoius.

214 2203 264 2262 Ad
276 2204 408 2261 Missum.
454 2202 594 2278 Officium.
638 2203 679 2261 Os
695 2204 771 2280 justi
785 2204 984 2262 meditabitur.
1013 2259 1016 2265 .

217 2283 325 2344 Oratio.
402 2284 597 2360 Omnipotens
623 2285 799 2360 sempiterne
828 2285 918 2357 Deus,
945 2285 997 2361 qui
1024 2286 1225 2344 beatissimum
1258 2306 1355 2363 regem

157 2365 343 2438 Edwardum,
368 2365 569 2423 confessorem
590 2370 684 2436 tuum,
700 2365 875 2422 aeternitatis
897 2366 990 2442 gloria
1012 2373 1042 2423 et
1062 2367 1172 2431 honore
1192 2368 1354 2425 coronasti:

156 2445 202 2503 sac
214 2465 267 2503 nos
282 2466 448 2523 quaesumus
462 2445 505 2502 ita
519 2465 587 2502 eum
600 2447 735 2503 venerari
748 2447 780 2503 in
793 2447 888 2519 terris,
900 2453 937 2504 ut
949 2466 1017 2505 cum
1031 2467 1065 2505 eo
1079 2467 1200 2524 regnare
1213 2449 1357 2525 possimus

159 2527 288 2586 incaelis.
332 2528 390 2584 Per
407 2527 577 2585 Dominum.

217 2608 363 2666 Memoria
375 2609 409 2665 de
423 2607 595 2682 Epiphania
608 2617 633 2664 et
647 2608 682 2665 de
695 2608 832 2666 Domino.

216 2688 357 2764 Epistola.
401 2689 535 2745 Dilectus
548 2708 566 2745 a
581 2688 652 2747 Deo.

219 2768 352 2827 daedala.
396 2769 532 2841 Domine,
547 2769 723 2845 praevenisti
764 2769 914 2845 Alleluya.
963 2769 992 2828 V.
1015 2769 1125 2827 Inveni
1139 2770 1243 2829 David.

217 2848 378 2924 Seqatoutiu.
422 2849 583 2924 organicis,
598 2859 631 2906 ut
647 2848 875 2909 tollentinati*

217 2929 417 3005 Euuapelium.
461 2930 557 2987 Nemo
570 2930 728 2987 lucernam.

219 3009 410 3085 Offlrtorium.
453 3009 640 3068 Desiderium
653 3011 765 3068 animae.

217 3090 337 3150 Secreta.
381 3091 521 3149 Sacrificii
542 3091 693 3168 praesentis
714 3090 900 3163 oblationem,
925 3111 1098 3168 quaesumus,
1122 3092 1257 3164 Domine,
1280 3090 1359 3147 beati

164 3171 233 3248 regis
256 3172 396 3230 Edwardi
418 3173 588 3230 confessoris
611 3172 658 3228 tui
678 3171 727 3247 pia
748 3172 931 3230 commendet
954 3173 1130 3246 intercessio,
1154 3180 1190 3230 ut
1215 3173 1248 3229 in
1275 3172 1358 3247 cujus

164 3254 345 3311 veneratione
359 3253 525 3328 suscipitur,
541 3253 604 3328 ipso
617 3252 833 3310 interveniente
851 3253 889 3310 ad
908 3253 1015 3330 gaudia
1027 3259 1137 3312 ae'terna
1150 3252 1257 3330 suscipi
1269 3272 1359 3311 mere-

166 3350 252 3393 amur.
294 3333 354 3390 Per
367 3335 538 3391 Dominum.

221 3413 399 3474 Communia
442 3414 552 3472 Fidelis
568 3434 676 3472 servus.

219 3494 459 3553 Postoommuaio.
502 3495 614 3572 Pignus
630 3503 778 3572 perpetuae
792 3496 894 3554 salutis
907 3502 1056 3554 sumentes
1069 3497 1254 3555 clementiam
1267 3502 1358 3566 tuam,

165 3575 344 3652 omnipotens
369 3576 459 3648 Deus,
483 3576 680 3652 imploramus,
702 3582 738 3634 ut
762 3578 847 3634 beato
869 3597 936 3653 rege
958 3578 1104 3636 Eduardo
1128 3578 1288 3643 confessore
1309 3583 1362 3634 tuo

165 3655 376 3714 interveniente
389 3656 511 3714 caelestis
520 3658 590 3714 vitae
603 3657 724 3733 praemia
737 3659 875 3734 consequi
889 3677 1059 3717 mereamur.
1109 3659 1168 3716 Per
1189 3660 1359 3717 Dominum.

436 3837 596 3896 Doniurca
617 3854 711 3895 iuras
736 3837 876 3951 Ocravns
896 3838 1087 3896 Brinniana

224 3978 362 4054 Officimn.
406 3979 481 4037 Ecce
503 3979 632 4051 advenit,
656 3989 682 4037 et
704 4000 731 4037 ce
733 3988 794 4037 toro
815 3988 849 4036 at
872 3979 907 4074 ia
928 3979 983 4050 dia,
1014 3988 1090 4055 prtae
1091 4000 1121 4037 er
1155 3980 1315 4055 Epistolum
1342 3989 1368 4036 ct

164 4057 356 4134 Eouoipeiium
376 4079 441 4134 quoe
460 4069 632 4154 capuamar.

224 4139 274 4198 Ad
287 4139 434 4199 Romanoa
450 4139 511 4217 (iii.
530 4141 578 4197 19-
580 4140 643 4218 26).

226 4219 363 4280 Fratres.
390 4221 505 4279 Scimus
525 4223 664 4297 quoniam
684 4241 865 4298 quaecunque
883 4221 933 4279 lex
954 4242 1045 4298 usque
1065 4224 1104 4280 ad
1125 4222 1177 4298 qui
1194 4226 1239 4278 est
1258 4241 1297 4278 ex
1314 4221 1372 4277 fide

164 4300 187 4359 J
188 4319 240 4359 esu
255 4301 367 4369 Christi
381 4301 506 4360 Domini
519 4310 614 4359 nostn

224 4429 238 4457 ³
252 4429 305 4481 MS.
318 4431 347 4485 D.
359 4431 438 4480 omits.
486 4429 540 4479 MS.
556 4430 688 4477 -Patcr
698 4431 806 4479 Verbum
820 4432 977 4489 incarnatum,
991 4431 1015 4477 iu
1028 4429 1150 4486 Communi
1151 4429 1261 4474 -where
1273 4430 1292 4474 1t
1302 4443 1375 4488 gives

163 4502 198 4536 no
209 4489 270 4537 anch
279 4489 410 4549 Sequanos
568 4502 570 4506 ’

601 4568 622 4606 D
706 4539 708 4542 Α
