2918 4986
474 382 522 448 Iri
544 383 634 447 Festo
656 383 786 447 Soura
811 379 1001 446 Trinitatis.

479 639 520 697 Is
540 640 638 697 Fusio
661 640 787 697 Slucrn
808 639 993 696 Tmuimris

201 737 340 813 Officium.

199 820 360 876 Benedicta
374 819 413 875 sit
432 817 540 876 Sancta
557 819 687 875 Trinitas
708 825 796 894 atque
816 818 955 882 indivisa¹
967 817 1098 875 Unitas:
1133 814 1338 873 confitebimur

127 901 183 958 ei:
206 901 276 976 quia
289 900 359 957 feeit
372 900 524 957 nobiscum
537 899 766 957 misericordiam
781 919 870 957 suam.

199 981 343 1038 Probinus.

199 1062 412 1119 Benedicamus
426 1061 545 1119 Patrem
560 1067 590 1118 et
603 1061 732 1118 Filium:
754 1080 821 1117 cum
836 1060 943 1117 Sancto
958 1059 1080 1135 Spiritu.

201 1142 310 1200 Oratio.

200 1223 395 1299 Omnipotens
416 1223 591 1298 sempiterne
606 1223 697 1292 Deus,
713 1223 765 1298 qui
779 1222 887 1278 dedisti
906 1221 992 1278 nobis
1012 1221 1131 1278 famulis
1152 1221 1213 1277 tuis
1226 1221 1260 1276 in
1273 1239 1337 1276 cou-

123 1303 263 1362 fessione
277 1324 352 1361 verae
367 1305 436 1361 fidei
450 1311 565 1360 aeternae
580 1303 736 1360 Trinitatis
754 1303 878 1378 gloriam
898 1322 1071 1378 agnoscere:
1103 1302 1185 1359 etin
1205 1301 1337 1377 potentia

122 1386 301 1461 majestatis
317 1385 438 1442 adorare
452 1385 629 1456 Unitatem3
650 1403 825 1459 quaesumus
845 1389 880 1439 ut
901 1383 1030 1458 ejusdem
1050 1383 1119 1440 fidei
1140 1383 1281 1439 firmitate
1301 1383 1338 1438 ab

122 1467 276 1522 omnibus
289 1485 402 1542 semper
415 1467 584 1521 muniamur
598 1465 735 1524 adversis.
779 1465 818 1520 In
832 1484 890 1539 qua
903 1463 982 1520 vivis
996 1470 1026 1521 et
1039 1483 1151 1539 regnas.

198 1563 294 1620 Lectio
309 1563 376 1620 libri
389 1562 579 1640 Apocalypsis
593 1563 668 1620 beati
681 1561 829 1619 Jotaunis
843 1560 974 1637 Apostoli
988 1560 1042 1638 (ic.
1061 1560 1146 1638 1-10)

198 1645 239 1701 In
261 1645 363 1701 diebus
387 1644 455 1713 illis,
480 1643 556 1700 Vidi
579 1643 688 1700 ostium
713 1649 847 1719 apertum
864 1643 897 1698 in
915 1643 993 1712 caelo,
1012 1648 1042 1700 et
1058 1661 1119 1698 vox
1136 1642 1232 1718 prima
1248 1661 1337 1717 quam

125 1725 250 1795 audivi,
272 1731 414 1800 tanquam
437 1725 517 1781 tubae
541 1725 689 1800 loquentis
713 1744 836 1793 mecum,
859 1724 957 1780 dicens
977 1744 1067 1798 aeque
1088 1724 1128 1780 cd
1148 1722 1338 1798 procidebant

127 1807 249 1882 viginti
259 1812 400 1881 quattuor
413 1807 540 1863 seniores
554 1812 623 1862 ante
637 1805 786 1862 sedentem
800 1805 833 1860 in
846 1805 961 1875 throno,
972 1811 1003 1861 et
1015 1804 1177 1861 adorabant
1187 1803 1338 1860 viventem

126 1904 168 1944 111
183 1887 290 1944 saecula
307 1887 486 1944 saeculorum.

200 1967 335 2024 Grodete.

198 2048 377 2105 Benedictus
391 2068 430 2118 es,
446 2048 583 2118 Domine,
599 2048 651 2123 qui
664 2048 789 2104 intueris
802 2049 929 2122 abyssoS,
941 2052 972 2104 et
986 2047 1066 2104 sedes
1080 2067 1167 2123 super
1178 2045 1335 2103 Cherubin.

136 2127 170 2186 V.
198 2129 370 2186 Benedicite
383 2129 481 2185 Deum
495 2128 576 2185 caeli:
597 2130 667 2204 quia
680 2128 750 2185 fecit
763 2128 915 2185 nobiscum
928 2129 1157 2186 misericordiam
1171 2147 1260 2184 suam.

197 2210 346 2285 Alleluya.
395 2209 423 2269 V.
446 2209 625 2266 Benedictus
645 2229 684 2280 eS,
707 2209 835 2266 Domine
849 2210 931 2266 Deus
947 2209 1072 2266 Patrum
1093 2215 1280 2266 nostrorum:
1309 2214 1339 2264 et

133 2287 296 2347 laudabilis
309 2291 341 2346 in
356 2290 468 2348 saecula.
984 2305 986 2309 ’

198 2388 362 2462 Sequentia.

138 2467 299 2527 Benedicta
312 2471 352 2526 sit
365 2471 452 2526 beata
465 2469 605 2540 Trinitas
622 2470 726 2527 Deitas
741 2476 850 2526 aeterna
863 2470 982 2545 pariter,
998 2470 1162 2545 coaequalis
1176 2470 1269 2544 gloria
1282 2490 1288 2525 :

139 2548 221 2607 Deus
247 2550 379 2620 Genitor,
401 2551 501 2607 Natus
525 2551 651 2626 genitus,
675 2571 742 2606 cum
766 2571 846 2607 sacro
871 2551 1035 2608 Pneumate
1057 2570 1231 2626 permanens
1253 2569 1340 2625 super

260 2651 346 2687 omne
366 2631 444 2706 quod
466 2637 584 2688 exstat:

140 2711 254 2781 Quibus
268 2719 313 2768 est
326 2732 386 2768 una
401 2732 514 2787 semper
527 2711 674 2781 voluntas,
689 2719 720 2767 et
733 2732 751 2767 a
765 2731 795 2768 se
809 2711 976 2786 discrepans
995 2711 1076 2766 haud
1096 2730 1228 2785 unquam
1244 2710 1338 2785 tripli-

259 2800 325 2849 cata
383 2812 477 2850 rsona.

140 2871 217 2930 Nam
232 2813 465 2931 constatpDeitas
479 2893 547 2945 una,
563 2893 624 2930 non
641 2874 673 2929 in
691 2880 750 2929 tres
771 2873 850 2929 Deos
871 2873 974 2941 clivisa,
997 2873 1075 2947 quod
1096 2872 1168 2928 fides
1188 2872 1300 2928 fatetur
1320 2893 1338 2928 a

259 2954 377 3010 Christo
391 2954 552 3011 orthodoxe
566 2955 652 3013 edita.

139 3033 212 3091 Haec
225 3055 352 3110 namque
369 3036 454 3110 pellit
468 3035 583 3107 delicta,
598 3036 725 3111 patriam
744 3035 821 3092 cedit
841 3048 982 3105 serenam,
997 3053 1057 3109 qua
1074 3033 1189 3090 dulcem
1204 3033 1337 3109 jubilant

257 3117 375 3191 agmina
389 3116 593 3192 symphoniam
607 3117 724 3173 coelica:

137 3196 306 3253 Altithroni
321 3197 445 3273 vestigia
458 3198 616 3253 imitantur
629 3197 713 3253 stolis
727 3197 892 3267 candidata,

138 3277 379 3352 Operiunturque
392 3278 476 3334 binas
491 3297 563 3353 quas
577 3284 698 3353 captant
712 3284 779 3353 post
793 3278 871 3334 saecli
884 3277 1062 3333 discrimina.

136 3356 177 3413 Et
191 3377 254 3428 nos,
270 3377 343 3433 quos
356 3358 487 3415 illustrat
499 3359 595 3434 gratia
610 3359 668 3415 Dei
682 3378 795 3434 supera,
811 3359 914 3415 demus
926 3364 1027 3414 nostra
1041 3358 1140 3414 debita
1152 3379 1160 3429 3

134 3438 282 3506 Quatinus
296 3445 413 3496 caterva
426 3440 523 3496 coelica
537 3440 621 3496 nobis
635 3445 753 3496 maneat
766 3445 833 3515 post
846 3439 952 3495 funera
965 3439 1050 3508 socia,

132 3517 308 3595 Ultimaque
321 3526 387 3595 post
400 3527 466 3578 acto.
479 3521 648 3577 discrimina
662 3521 790 3596 petimus
804 3521 865 3577 alta
878 3519 990 3595 perfrui
1004 3539 1074 3576 mox
1087 3519 1207 3595 palatia,

133 3599 198 3668 Quo
212 3601 364 3676 perspicua
377 3601 482 3678 flagrat
495 3601 549 3657 lux
563 3620 682 3657 accensa
695 3602 843 3658 constanti
860 3601 987 3672 flamma,
1002 3598 1077 3675 quo*
1092 3601 1173 3657 Deus
1187 3606 1240 3672 est,
1256 3601 1332 3659 visio

252 3688 355 3738 nostra
368 3688 398 3759 et
411 3682 490 3746 salus
504 3688 613 3738 aetema
626 3703 633 3738 :

133 3761 317 3836 Angelorum
331 3782 396 3838 quse
409 3763 540 3819 illustrat
553 3763 670 3819 fortiter
683 3769 808 3837 pectora,

134 3841 181 3898 Ut
195 3843 227 3898 in
244 3842 361 3900 Christo
375 3844 436 3900 solo
450 3863 504 3900 sua
518 3843 646 3918 defigant
659 3843 780 3900 lumina.

133 3921 209 3979 Haec
222 3943 348 3999 namque
362 3930 406 3980 est
420 3924 485 3981 sitis
499 3924 551 3980 illa
564 3924 690 3999 flagrans
704 3943 763 3998 qua
777 3931 848 3980 tunc
862 3923 965 3980 sitient
978 3925 1083 3981 animae
1102 3931 1269 3982 sanctorum
1284 3925 1331 3982 vel

255 4024 384 4080 corpora,

132 4083 210 4140 Cum
222 4085 334 4142 fuerint
348 4086 418 4143 data
431 4093 572 4162 perpetua
585 4085 627 4142 eis
640 4105 693 4160 pro
707 4085 792 4141 bonis
806 4105 824 4141 a
833 4085 933 4160 judice
946 4087 1073 4162 praemia.

193 4182 359 4240 Secundum
379 4183 544 4244 Jotoooem
564 4183 625 4261 (iii.
644 4184 737 4261 1-15).

193 4264 232 4320 In
245 4264 297 4321 illo
311 4271 449 4341 tempore,
465 4266 539 4322 Erat
552 4265 639 4321 homo
658 4284 696 4321 ex
715 4263 880 4335 Pharisaeis,
900 4265 931 4324 N
933 4266 1079 4322 icodemus
1101 4263 1220 4321 nomine
1241 4285 1331 4340 usque

130 4346 172 4401 aot
185 4351 221 4400 ut
234 4346 330 4402 omnis
344 4346 396 4421 qui
409 4346 502 4403 credit
515 4347 546 4403 in
560 4347 658 4421 ipsum
672 4365 732 4402 non
745 4352 853 4421 pereat,
869 4347 920 4402 sed
939 4345 1046 4402 habeat
1066 4345 1160 4402 vitam
1180 4351 1328 4404 aeteruam.

192 4425 294 4484 Credo·

524 4531 536 4556 ¹³
553 4529 592 4573 Sic
603 4529 674 4574 MSS.
686 4530 734 4574 and
744 4529 788 4574 Ed.
801 4529 870 4574 l-al
879 4543 938 4587 quae.
