2918 4986
211 362 274 425 146
587 359 634 422 lu
662 357 792 442 Viyiliu
813 355 1039 422 decessionis.

689 525 788 582 Funis
807 525 933 582 Trans

271 605 410 680 Officium
454 605 625 663 Exaudirit.

271 687 379 745 Oratio
422 685 543 757 Praesta,
557 705 730 762 quaesumns

270 767 320 824 Ad
334 767 515 824 Timotheum
527 766 563 843 (1
578 767 611 823 ii.
629 767 701 844 1-7}

271 846 399 906 Obsecro
416 848 511 923 primo
532 847 666 904 omnium
683 847 747 904 fieri
760 848 973 906 omemationes
990 867 1080 922 aspre
1096 847 1139 904 ad
1155 846 1264 904 doctor
1280 847 1409 924 1011111111

208 928 241 984 in
254 928 312 986 fide
324 935 356 986 et
368 931 503 985 veritate.

267 1009 416 1083 Alleluya
465 1008 494 1065 V.
511 1008 709 1065 Confitemini.

268 1089 435 1148 Secundum
448 1089 586 1146 Murcum
599 1089 655 1163 (xi.
672 1090 787 1165 1116)

267 1169 306 1228 In
320 1170 372 1226 illo
385 1177 525 1245 tempore,
541 1169 630 1226 Dixit
643 1168 666 1227 J
666 1190 732 1226 esus
745 1169 896 1245 discipulis
908 1170 968 1226 suis
975 1189 983 1240 ;
996 1169 1097 1226 Amen
1110 1169 1177 1228 dico
1190 1169 1286 1244 vobis,
1300 1171 1375 1241 Quia
1387 1171 1407 1227 si
1428 1198 1431 1205 ·

207 1251 274 1326 quis
286 1251 398 1308 dixerit
410 1250 479 1308 huic
492 1251 588 1307 monti
600 1271 689 1324 usque
703 1252 744 1307 ud
756 1251 889 1308 dimittet
901 1251 986 1307 robis
999 1251 1108 1307 delicta
1120 1258 1230 1308 vestra.

269 1331 462 1406 Offenurium.
506 1330 682 1388 Confitebor.

266 1413 386 1471 &aaa
429 1411 505 1469 Haec
517 1431 649 1468 munera

267 1493 448 1552 Coruncanio.
491 1491 598 1549 Petite.

265 1573 506 1633 Postcmnmuuio.
548 1573 632 1630 Vota
643 1579 753 1643 nostra,
767 1592 941 1648 quaesumus

595 1744 635 1801 Lr
655 1744 786 1801 11101111
804 1745 1016 1802 Α101111101111.

267 1825 406 1901 Officium.

265 1908 376 1965 Omnes
395 1911 497 1982 gentas
517 1905 649 1981 plaudite
672 1906 817 1978 manibus,
834 1905 962 1983 jubilate
983 1907 1048 1963 Deo
1060 1905 1094 1962 in
1106 1924 1179 1963 voce
1193 1907 1405 1980 exsultationis,

203 1987 339 2063 alleluya,
354 1987 490 2062 alleluya,
504 1985 640 2061 alleluya

265 2069 411 2126 Paulinus.

265 2149 398 2224 Snbjecit
411 2146 535 2223 populos
547 2147 651 2204 nobis:
673 2153 703 2204 et
716 2154 818 2224 gentas
831 2149 887 2205 snb
900 2148 1024 2224 pedibus
1036 2149 1154 2205 nostris

267 2229 376 2287 Oratio.

267 2309 389 2379 Praesta,
412 2327 587 2385 quaesumus,
610 2309 797 2385 omnipotens
818 2307 916 2380 Pater,
939 2315 975 2366 ut
1000 2315 1108 2366 nostrae
1129 2309 1243 2367 mentis
1269 2311 1402 2384 intentio,

206 2410 265 2467 quo
278 2389 484 2448 sollemnitatis
493 2396 627 2446 venturae
637 2390 780 2466 gloriosus
789 2397 893 2447 auctor
904 2390 1052 2466 ingressus
1065 2395 1119 2461 est,
1130 2410 1249 2466 semper
1259 2391 1405 2464 intendam

205 2479 237 2529 et
250 2492 308 2548 qno
321 2471 379 2528 fide
392 2470 497 2546 pergit,
512 2473 731 2528 conversatione
744 2471 905 2547 perveniat.
948 2471 1008 2528 Per
1020 2470 1146 2528 eundem
1161 2470 1338 2531 Dominum.

264 2553 360 2610 Lectio
373 2552 501 2608 Actum-m
514 2551 716 2626 Apostolumm
728 2552 783 2628 (iu.
801 2552 915 2628 32-35).

265 2633 305 2691 In
318 2633 420 2690 diebus
433 2632 500 2703 illis,
517 2632 724 2689 Multitudinis
736 2639 836 2689 autem
850 2632 1034 2690 credentium
1048 2637 1112 2689 erat
1132 2652 1183 2689 001
1200 2653 1298 2692 unum
1319 2653 1403 2711 usqcu

204 2717 245 2773 ud
258 2714 445 2772 dividebatur
457 2719 557 2770 autom
570 2714 701 2789 singulis,
716 2720 806 2790 prout
819 2712 925 2788 cuique
938 2732 1011 2788 opus
1024 2719 1094 2770 erat

264 2795 414 2870 Alleluya
464 2792 492 2851 V.
526 2794 636 2851 Omnes
658 2801 770 2870 gentes,
790 2792 922 2869 plaudite
945 2793 1101 2851 manibus:
1131 2793 1263 2870 jubilate
1288 2795 1354 2854 Deo
1374 2795 1403 2853 in

203 2897 275 2937 voce
288 2874 502 2935 exsultationis.

263 2958 431 3018 Secundum
443 2955 471 3010 J
469 2955 610 3013 oliuuuem
623 2955 708 3032 (xcii.
727 2953 828 3030 1-11).

264 3040 304 3098 In
316 3040 368 3096 illo
381 3047 521 3113 tempore,
537 3036 705 3094 Sublevatis
717 3035 740 3094 J
741 3055 807 3092 esus
817 3035 908 3093 oculis
921 3034 954 3092 in
964 3035 1076 3107 caelum,
1091 3035 1171 3093 dixit
1182 3056 1192 3109 3
1212 3036 1315 3112 Pater,
1326 3038 1403 3097 venit

135 3154 138 3158 ,
203 3121 285 3194 hora,
299 3120 426 3178 clarifica
438 3138 529 3192 usque
542 3119 583 3175 ud
596 3123 627 3174 et
637 3118 700 3193 jam
713 3136 775 3174 non
787 3136 854 3174 sum
867 3117 900 3173 in
912 3116 1033 3189 mundo,
1049 3122 1079 3174 et
1099 3117 1132 3173 hi
1151 3117 1185 3174 in
1199 3119 1314 3178 mundo
1327 3125 1400 3192 sunt,

204 3209 234 3260 et
248 3222 301 3279 ego
314 3203 351 3258 ad
365 3207 396 3258 te
410 3199 503 3256 venio.

265 3281 456 3355 Offutumum.

267 3364 338 3421 Viri
359 3360 484 3431 Galilaei,
499 3359 571 3435 quid
590 3358 779 3417 admiramini
798 3358 972 3435 aspicientes
984 3358 1018 3415 in
1030 3358 1156 3417 01011111
1175 3359 1224 3417 hic
1245 3360 1268 3418 J
1269 3381 1336 3420 esus
1355 3359 1402 3439 qui

204 3451 372 3520 assumptus
392 3447 437 3499 est
450 3459 469 3496 a
481 3441 565 3497 vobis
584 3440 617 3497 in
638 3440 749 3512 caelum,
763 3440 805 3497 sio
818 3440 925 3513 reniet,
942 3440 1189 3515 quemadmodum
1201 3441 1323 3501 vidistis
1339 3461 1401 3502 enm

200 3525 407 3583 ascendentem
419 3525 452 3580 in
466 3523 578 3594 caelum,
593 3521 727 3597 alleluya

266 3604 386 3662 Secreta.

264 3685 453 3754 Sacrificium,
478 3684 615 3755 Domine,
629 3702 683 3758 pro
704 3682 776 3738 Filii
799 3681 846 3740 tui
866 3682 1011 3759 supplices
1033 3682 1197 3741 venerabili
1220 3702 1313 3760 quam
1335 3703 1400 3763 prce

202 3765 338 3825 venimus
358 3784 439 3823 nunc
459 3765 626 3822 ascensione
646 3763 823 3820 defuimus:
844 3771 959 3840 praesta,
975 3783 1151 3840 quaesumus,
1167 3771 1202 3822 ut
1223 3771 1256 3823 et
1277 3786 1333 3825 1101
1353 3783 1399 3844 per

201 3848 299 3924 ipsum
312 3846 358 3904 his
372 3845 552 3904 commerciis
565 3844 753 3902 sacrosanctis
767 3843 805 3901 ad
818 3845 944 3902 caelestia
957 3863 1172 3923 consurgamus.
1217 3845 1280 3915 Qui
1297 3853 1397 3906 tecum

262 3927 444 3988 Commuuio.

260 4009 358 4082 Pater,
384 4028 451 4066 01111
473 4026 565 4065 essem
586 4026 653 4063 cum
677 4006 727 4077 eis,
752 4025 805 4082 ego
828 4007 981 4064 servabam
1005 4026 1053 4064 cos
1080 4026 1153 4083 quos
1181 4006 1290 4066 dedisti
1318 4006 1395 4079 mihi,

200 4092 343 4168 alleluya:
365 4109 445 4147 111110
459 4096 558 4146 autem
578 4088 616 4145 ad
637 4094 667 4146 te
681 4086 788 4145 venio:
809 4107 870 4144 non
890 4107 960 4164 rogo
982 4093 1017 4144 ut
1039 4089 1125 4145 tollas
1145 4107 1194 4145 eos
1214 4089 1252 4146 de
1273 4090 1397 4148 mundo:

200 4173 251 4229 sed
263 4182 299 4230 ut
312 4191 409 4228 serves
423 4190 471 4227 eos
484 4190 502 4228 a
515 4169 600 4242 male,
616 4168 752 4245 alleluya,
767 4168 902 4244 alleluya

259 4252 500 4311 Poalcommuuio.

259 4333 377 4403 Tribus,
394 4351 569 4409 quaesumus,
584 4331 720 4402 Domine,
735 4336 771 4387 ut
791 4350 844 4406 per
856 4329 918 4388 haec
931 4337 1032 4388 sancta
1046 4351 1111 4408 quae
1125 4333 1314 4409 sumpsimus,
1330 4333 1394 4392 illuc

197 4414 301 4471 tendat
320 4418 428 4471 nostrae
442 4412 606 4472 devotionis
620 4413 748 4484 affectus,
763 4431 822 4487 quo
835 4418 935 4469 tecum
948 4420 993 4468 est
1009 4421 1112 4471 nostra
1125 4414 1293 4474 substantia
1312 4416 1335 4476 J
1336 4430 1394 4473 esus

197 4490 333 4553 christus
347 4491 442 4553 Filius
455 4502 532 4571 tuus,
548 4494 695 4552 Dominus
708 4499 815 4550 noster.
859 4491 920 4562 Qui
932 4499 1037 4554 tecum.
