<?xml version="1.0" encoding="UTF-8"?>
<!DOCTYPE html PUBLIC "-//W3C//DTD XHTML 1.0 Transitional//EN"
    "http://www.w3.org/TR/xhtml1/DTD/xhtml1-transitional.dtd">
<html xmlns="http://www.w3.org/1999/xhtml" xml:lang="en" lang="en">
 <head>
  <title>
</title>
<meta http-equiv="Content-Type" content="text/html;charset=utf-8" />
  <meta name='ocr-system' content='tesseract 3.04.00' />
  <meta name='ocr-capabilities' content='ocr_page ocr_carea ocr_par ocr_line ocrx_word'/>
</head>
<body>
  <div class='ocr_page' id='page_1' title='image "./missaleadusumin03churgoog_0302.png"; bbox 0 0 2918 4986; ppageno 0'>
   <div class='ocr_carea' id='block_1_1' title="bbox 203 371 1142 457">
    <p class='ocr_par' dir='ltr' id='par_1_1' title="bbox 203 371 1142 457">
     <span class='ocr_line' id='line_1_1' title="bbox 203 371 1142 457; baseline 0 -21"><span class='ocrx_word' id='word_1_1' title='bbox 203 375 268 436; x_wconf 68' lang='lat'>*252</span> <span class='ocrx_word' id='word_1_2' title='bbox 471 372 566 437; x_wconf 71' lang='lat' dir='ltr'>Dona.</span> <span class='ocrx_word' id='word_1_3' title='bbox 588 394 660 437; x_wconf 76' lang='lat' dir='ltr'>ccc.</span> <span class='ocrx_word' id='word_1_4' title='bbox 680 381 754 457; x_wconf 74' lang='lat' dir='ltr'>poa</span> <span class='ocrx_word' id='word_1_5' title='bbox 779 373 915 439; x_wconf 80' lang='lat' dir='ltr'>Octavus</span> <span class='ocrx_word' id='word_1_6' title='bbox 935 371 1142 439; x_wconf 69' lang='lat' dir='ltr'>Pentecosten</span> 
     </span>
    </p>
   </div>
   <div class='ocr_carea' id='block_1_2' title="bbox 266 537 676 598">
    <p class='ocr_par' dir='ltr' id='par_1_2' title="bbox 266 537 676 598">
     <span class='ocr_line' id='line_1_2' title="bbox 266 537 676 598; baseline 0 -1"><span class='ocrx_word' id='word_1_7' title='bbox 266 537 450 598; x_wconf 78' lang='lat' dir='ltr'>Conamuaio.</span> <span class='ocrx_word' id='word_1_8' title='bbox 492 538 570 597; x_wconf 88' lang='lat' dir='ltr'>Dico</span> <span class='ocrx_word' id='word_1_9' title='bbox 584 538 676 598; x_wconf 79' lang='lat' dir='ltr'>vobis</span> 
     </span>
    </p>
   </div>
   <div class='ocr_carea' id='block_1_3' title="bbox 201 621 1408 859">
    <p class='ocr_par' dir='ltr' id='par_1_3' title="bbox 201 621 1408 859">
     <span class='ocr_line' id='line_1_3' title="bbox 264 621 1408 778; baseline -0.001 -19"><span class='ocrx_word' id='word_1_10' title='bbox 264 621 651 776; x_wconf 47' lang='lat' dir='ltr'>{dietiiammndsiinddinipotens</span> <span class='ocrx_word' id='word_1_11' title='bbox 672 701 763 772; x_wconf 88' lang='lat' dir='ltr'>Deus,</span> <span class='ocrx_word' id='word_1_12' title='bbox 779 707 815 758; x_wconf 90' lang='lat' dir='ltr'>ut</span> <span class='ocrx_word' id='word_1_13' title='bbox 836 719 910 777; x_wconf 91' lang='lat' dir='ltr'>quos</span> <span class='ocrx_word' id='word_1_14' title='bbox 927 700 1031 758; x_wconf 87' lang='lat' dir='ltr'>divina</span> <span class='ocrx_word' id='word_1_15' title='bbox 1050 699 1162 757; x_wconf 81' lang='lat' dir='ltr'>tribuis</span> <span class='ocrx_word' id='word_1_16' title='bbox 1182 699 1408 778; x_wconf 66' lang='lat' dir='ltr'>posticipatione</span> 
     </span>
     <span class='ocr_line' id='line_1_4' title="bbox 201 780 1406 859; baseline 0 -21"><span class='ocrx_word' id='word_1_17' title='bbox 201 781 337 859; x_wconf 80' lang='lat' dir='ltr'>gaudere,</span> <span class='ocrx_word' id='word_1_18' title='bbox 349 782 489 840; x_wconf 90' lang='lat' dir='ltr'>humanis</span> <span class='ocrx_word' id='word_1_19' title='bbox 501 801 563 839; x_wconf 91' lang='lat' dir='ltr'>non</span> <span class='ocrx_word' id='word_1_20' title='bbox 576 781 656 838; x_wconf 88' lang='lat' dir='ltr'>sinas</span> <span class='ocrx_word' id='word_1_21' title='bbox 669 782 819 857; x_wconf 86' lang='lat' dir='ltr'>subjacere</span> <span class='ocrx_word' id='word_1_22' title='bbox 832 780 979 858; x_wconf 87' lang='lat' dir='ltr'>periculis.</span> <span class='ocrx_word' id='word_1_23' title='bbox 1015 781 1075 839; x_wconf 89' lang='lat' dir='ltr'>Per</span> <span class='ocrx_word' id='word_1_24' title='bbox 1085 780 1251 840; x_wconf 89' lang='lat' dir='ltr'>Dominum</span> <span class='ocrx_word' id='word_1_25' title='bbox 1263 787 1406 840; x_wconf 87' lang='lat' dir='ltr'>nostrum</span> 
     </span>
    </p>
   </div>
   <div class='ocr_carea' id='block_1_4' title="bbox 674 982 933 1052">
    <p class='ocr_par' dir='ltr' id='par_1_4' title="bbox 674 982 933 1052">
     <span class='ocr_line' id='line_1_5' title="bbox 674 982 933 1052; baseline 0.008 -14"><span class='ocrx_word' id='word_1_26' title='bbox 674 982 775 1039; x_wconf 77' lang='lat' dir='ltr'>Fama</span> <span class='ocrx_word' id='word_1_27' title='bbox 796 982 933 1052; x_wconf 71' lang='lat' dir='ltr'>Qunam</span> 
     </span>
    </p>
   </div>
   <div class='ocr_carea' id='block_1_5' title="bbox 202 1105 1411 1341">
    <p class='ocr_par' dir='ltr' id='par_1_5' title="bbox 202 1105 1411 1341">
     <span class='ocr_line' id='line_1_6' title="bbox 263 1105 684 1182; baseline 0.005 -23"><span class='ocrx_word' id='word_1_28' title='bbox 263 1106 313 1161; x_wconf 73' lang='lat' dir='ltr'>Aa</span> <span class='ocrx_word' id='word_1_29' title='bbox 328 1105 475 1162; x_wconf 79' lang='lat' dir='ltr'>Ronutnoa</span> <span class='ocrx_word' id='word_1_30' title='bbox 494 1105 551 1182; x_wconf 77' lang='lat' dir='ltr'>(ai.</span> <span class='ocrx_word' id='word_1_31' title='bbox 569 1105 684 1182; x_wconf 76' lang='lat'><strong><em>25-36).</em></strong></span> 
     </span>
     <span class='ocr_line' id='line_1_7' title="bbox 267 1185 1411 1264; baseline 0.003 -24"><span class='ocrx_word' id='word_1_32' title='bbox 267 1185 400 1243; x_wconf 76' lang='lat' dir='ltr'><strong>Fratres:</strong></span> <span class='ocrx_word' id='word_1_33' title='bbox 422 1186 501 1244; x_wconf 92' lang='lat' dir='ltr'>Nolo</span> <span class='ocrx_word' id='word_1_34' title='bbox 515 1206 568 1243; x_wconf 91' lang='lat' dir='ltr'>vos</span> <span class='ocrx_word' id='word_1_35' title='bbox 582 1186 718 1262; x_wconf 68' lang='lat' dir='ltr'>ignorare</span> <span class='ocrx_word' id='word_1_36' title='bbox 731 1186 908 1260; x_wconf 76' lang='lat' dir='ltr'><strong>mysterium</strong></span> <span class='ocrx_word' id='word_1_37' title='bbox 921 1185 977 1243; x_wconf 89' lang='lat' dir='ltr'>hoc</span> <span class='ocrx_word' id='word_1_38' title='bbox 996 1206 1087 1262; x_wconf 76' lang='lat' dir='ltr'>usque</span> <span class='ocrx_word' id='word_1_39' title='bbox 1107 1187 1150 1244; x_wconf 79' lang='lat' dir='ltr'>ad</span> <span class='ocrx_word' id='word_1_40' title='bbox 1169 1186 1237 1264; x_wconf 92' lang='lat' dir='ltr'>Ipsi</span> <span class='ocrx_word' id='word_1_41' title='bbox 1256 1187 1297 1245; x_wconf 90' lang='lat' dir='ltr'>sit</span> <span class='ocrx_word' id='word_1_42' title='bbox 1317 1187 1411 1245; x_wconf 90' lang='lat' dir='ltr'>honor</span> 
     </span>
     <span class='ocr_line' id='line_1_8' title="bbox 202 1265 852 1341; baseline 0.006 -20"><span class='ocrx_word' id='word_1_43' title='bbox 202 1273 233 1322; x_wconf 84' lang='lat' dir='ltr'>et</span> <span class='ocrx_word' id='word_1_44' title='bbox 246 1265 340 1341; x_wconf 80' lang='lat' dir='ltr'>gloria</span> <span class='ocrx_word' id='word_1_45' title='bbox 353 1267 384 1324; x_wconf 88' lang='lat' dir='ltr'>in</span> <span class='ocrx_word' id='word_1_46' title='bbox 399 1267 505 1324; x_wconf 85' lang='lat' dir='ltr'>saecula</span> <span class='ocrx_word' id='word_1_47' title='bbox 519 1268 700 1324; x_wconf 88' lang='lat' dir='ltr'>saecnlorum.</span> <span class='ocrx_word' id='word_1_48' title='bbox 743 1266 852 1325; x_wconf 81' lang='lat' dir='ltr'>Amen</span> 
     </span>
    </p>
   </div>
   <div class='ocr_carea' id='block_1_6' title="bbox 201 1364 1410 1607">
    <p class='ocr_par' dir='ltr' id='par_1_6' title="bbox 201 1364 1410 1607">
     <span class='ocr_line' id='line_1_9' title="bbox 262 1364 795 1443; baseline 0.006 -24"><span class='ocrx_word' id='word_1_49' title='bbox 262 1364 430 1424; x_wconf 71' lang='lat' dir='ltr'>Saczamlnm</span> <span class='ocrx_word' id='word_1_50' title='bbox 444 1366 583 1423; x_wconf 79' lang='lat' dir='ltr'>Marcum</span> <span class='ocrx_word' id='word_1_51' title='bbox 604 1364 668 1442; x_wconf 75' lang='lat' dir='ltr'>(aii.</span> <span class='ocrx_word' id='word_1_52' title='bbox 684 1365 795 1443; x_wconf 77' lang='lat'>28-34).</span> 
     </span>
     <span class='ocr_line' id='line_1_10' title="bbox 263 1445 1410 1523; baseline 0.001 -20"><span class='ocrx_word' id='word_1_53' title='bbox 263 1447 301 1503; x_wconf 92' lang='lat' dir='ltr'>In</span> <span class='ocrx_word' id='word_1_54' title='bbox 329 1447 381 1504; x_wconf 89' lang='lat' dir='ltr'>illo</span> <span class='ocrx_word' id='word_1_55' title='bbox 408 1453 548 1523; x_wconf 86' lang='lat' dir='ltr'>tempore,</span> <span class='ocrx_word' id='word_1_56' title='bbox 575 1446 779 1523; x_wconf 74' lang='lat' dir='ltr'>Interrogavit</span> <span class='ocrx_word' id='word_1_57' title='bbox 805 1446 912 1504; x_wconf 89' lang='lat' dir='ltr'>Jesum</span> <span class='ocrx_word' id='word_1_58' title='bbox 939 1465 1017 1502; x_wconf 87' lang='lat' dir='ltr'>unus</span> <span class='ocrx_word' id='word_1_59' title='bbox 1043 1445 1081 1503; x_wconf 89' lang='lat' dir='ltr'>de</span> <span class='ocrx_word' id='word_1_60' title='bbox 1107 1445 1211 1503; x_wconf 84' lang='lat' dir='ltr'>scribis</span> <span class='ocrx_word' id='word_1_61' title='bbox 1232 1445 1307 1522; x_wconf 88' lang='lat' dir='ltr'>quid</span> <span class='ocrx_word' id='word_1_62' title='bbox 1335 1450 1410 1504; x_wconf 86' lang='lat' dir='ltr'>esset</span> 
     </span>
     <span class='ocr_line' id='line_1_11' title="bbox 201 1526 1272 1607; baseline 0.002 -25"><span class='ocrx_word' id='word_1_63' title='bbox 201 1528 330 1607; x_wconf 80' lang='lat' dir='ltr'>primum</span> <span class='ocrx_word' id='word_1_64' title='bbox 345 1527 478 1584; x_wconf 74' lang='lat' dir='ltr'>oimiium</span> <span class='ocrx_word' id='word_1_65' title='bbox 492 1527 666 1585; x_wconf 86' lang='lat' dir='ltr'>mandatum</span> <span class='ocrx_word' id='word_1_66' title='bbox 680 1547 771 1602; x_wconf 74' lang='lat' dir='ltr'>casque</span> <span class='ocrx_word' id='word_1_67' title='bbox 784 1529 825 1584; x_wconf 83' lang='lat' dir='ltr'>od</span> <span class='ocrx_word' id='word_1_68' title='bbox 839 1526 910 1584; x_wconf 86' lang='lat' dir='ltr'>Non</span> <span class='ocrx_word' id='word_1_69' title='bbox 924 1546 955 1584; x_wconf 89' lang='lat' dir='ltr'>es</span> <span class='ocrx_word' id='word_1_70' title='bbox 968 1527 1055 1603; x_wconf 84' lang='lat' dir='ltr'>longe</span> <span class='ocrx_word' id='word_1_71' title='bbox 1068 1545 1087 1584; x_wconf 85' lang='lat' dir='ltr'>a</span> <span class='ocrx_word' id='word_1_72' title='bbox 1100 1545 1191 1603; x_wconf 88' lang='lat' dir='ltr'>regno</span> <span class='ocrx_word' id='word_1_73' title='bbox 1204 1527 1272 1584; x_wconf 84' lang='lat' dir='ltr'>Dei</span> 
     </span>
    </p>
   </div>
   <div class='ocr_carea' id='block_1_7' title="bbox 685 1722 920 1780">
    <p class='ocr_par' dir='ltr' id='par_1_7' title="bbox 685 1722 920 1780">
     <span class='ocr_line' id='line_1_12' title="bbox 685 1722 920 1780; baseline 0.009 -2"><span class='ocrx_word' id='word_1_74' title='bbox 685 1722 786 1780; x_wconf 75' lang='lat' dir='ltr'>Fanni</span> <span class='ocrx_word' id='word_1_75' title='bbox 810 1722 920 1780; x_wconf 74' lang='lat' dir='ltr'>Snxna</span> 
     </span>
    </p>
   </div>
   <div class='ocr_carea' id='block_1_8' title="bbox 263 1840 654 1918">
    <p class='ocr_par' dir='ltr' id='par_1_8' title="bbox 263 1840 654 1918">
     <span class='ocr_line' id='line_1_13' title="bbox 263 1840 654 1918; baseline 0.003 -21"><span class='ocrx_word' id='word_1_76' title='bbox 263 1840 315 1899; x_wconf 83' lang='lat' dir='ltr'>Ad</span> <span class='ocrx_word' id='word_1_77' title='bbox 326 1840 463 1899; x_wconf 68' lang='lat' dir='ltr'>Hebraeos</span> <span class='ocrx_word' id='word_1_78' title='bbox 484 1842 522 1918; x_wconf 79' lang='lat' dir='ltr'>(a.</span> <span class='ocrx_word' id='word_1_79' title='bbox 541 1840 654 1917; x_wconf 81' lang='lat'>19-27).</span> 
     </span>
    </p>
   </div>
   <div class='ocr_carea' id='block_1_9' title="bbox 167 1919 1410 2080">
    <p class='ocr_par' dir='ltr' id='par_1_9' title="bbox 167 1919 1410 2080">
     <span class='ocr_line' id='line_1_14' title="bbox 167 1919 1410 1998; baseline 0.001 -20"><span class='ocrx_word' id='word_1_80' title='bbox 167 1919 170 1926; x_wconf 85' lang='grc'><strong>’</strong></span> <span class='ocrx_word' id='word_1_81' title='bbox 263 1922 402 1982; x_wconf 80' lang='lat' dir='ltr'><strong>Fratres:</strong></span> <span class='ocrx_word' id='word_1_82' title='bbox 426 1922 582 1979; x_wconf 77' lang='lat' dir='ltr'>Habentes</span> <span class='ocrx_word' id='word_1_83' title='bbox 607 1922 745 1980; x_wconf 88' lang='lat' dir='ltr'>fiduciam</span> <span class='ocrx_word' id='word_1_84' title='bbox 771 1922 804 1978; x_wconf 94' lang='lat' dir='ltr'>in</span> <span class='ocrx_word' id='word_1_85' title='bbox 827 1922 957 1980; x_wconf 88' lang='lat' dir='ltr'>introitu</span> <span class='ocrx_word' id='word_1_86' title='bbox 978 1927 1147 1980; x_wconf 87' lang='lat' dir='ltr'>sauctorum</span> <span class='ocrx_word' id='word_1_87' title='bbox 1169 1920 1262 1996; x_wconf 73' lang='lat' dir='ltr'>itaqua</span> <span class='ocrx_word' id='word_1_88' title='bbox 1280 1923 1322 1979; x_wconf 84' lang='lat' dir='ltr'>ad</span> <span class='ocrx_word' id='word_1_89' title='bbox 1345 1941 1410 1998; x_wconf 83' lang='lat' dir='ltr'>quoe</span> 
     </span>
     <span class='ocr_line' id='line_1_15' title="bbox 199 2003 678 2080; baseline 0.002 -21"><span class='ocrx_word' id='word_1_90' title='bbox 199 2009 413 2080; x_wconf 81' lang='lat' dir='ltr'>consumptura</span> <span class='ocrx_word' id='word_1_91' title='bbox 427 2008 472 2061; x_wconf 90' lang='lat' dir='ltr'>est</span> <span class='ocrx_word' id='word_1_92' title='bbox 486 2003 678 2060; x_wconf 78' lang='lat' dir='ltr'>adversarios.</span> 
     </span>
    </p>
   </div>
   <div class='ocr_carea' id='block_1_10' title="bbox 262 2100 1442 2258">
    <p class='ocr_par' dir='ltr' id='par_1_10' title="bbox 262 2100 1442 2258">
     <span class='ocr_line' id='line_1_16' title="bbox 262 2100 1442 2176; baseline -0.001 -19"><span class='ocrx_word' id='word_1_93' title='bbox 262 2100 378 2158; x_wconf 73' lang='lat' dir='ltr'>Secund</span> <span class='ocrx_word' id='word_1_94' title='bbox 381 2121 430 2157; x_wconf 85' lang='lat' dir='ltr'>nm</span> <span class='ocrx_word' id='word_1_95' title='bbox 444 2100 621 2157; x_wconf 67' lang='lat' dir='ltr'>Mottiana</span> <span class='ocrx_word' id='word_1_96' title='bbox 642 2101 713 2175; x_wconf 73' lang='lat' dir='ltr'>(aci.</span> <span class='ocrx_word' id='word_1_97' title='bbox 731 2100 841 2176; x_wconf 56' lang='lat'><strong>2832).</strong></span> <span class='ocrx_word' id='word_1_98' title='bbox 1437 2142 1442 2146; x_wconf 87' lang='lat'>-</span> 
     </span>
     <span class='ocr_line' id='line_1_17' title="bbox 262 2178 1409 2258; baseline -0.001 -21"><span class='ocrx_word' id='word_1_99' title='bbox 262 2181 300 2238; x_wconf 90' lang='lat' dir='ltr'>Iu</span> <span class='ocrx_word' id='word_1_100' title='bbox 332 2181 384 2238; x_wconf 93' lang='lat' dir='ltr'>illo</span> <span class='ocrx_word' id='word_1_101' title='bbox 416 2186 558 2258; x_wconf 85' lang='lat' dir='ltr'>tempore,</span> <span class='ocrx_word' id='word_1_102' title='bbox 588 2180 677 2237; x_wconf 83' lang='lat' dir='ltr'>Dixit</span> <span class='ocrx_word' id='word_1_103' title='bbox 703 2181 793 2239; x_wconf 87' lang='lat' dir='ltr'>Jesus</span> <span class='ocrx_word' id='word_1_104' title='bbox 820 2179 918 2238; x_wconf 84' lang='lat' dir='ltr'>turbis</span> <span class='ocrx_word' id='word_1_105' title='bbox 944 2179 1129 2251; x_wconf 65' lang='lat' dir='ltr'>«Iudaeorum,</span> <span class='ocrx_word' id='word_1_106' title='bbox 1158 2179 1259 2237; x_wconf 90' lang='lat' dir='ltr'>Homo</span> <span class='ocrx_word' id='word_1_107' title='bbox 1286 2178 1409 2256; x_wconf 89' lang='lat' dir='ltr'>quidam</span> 
     </span>
    </p>
   </div>
   <div class='ocr_carea' id='block_1_11' title="bbox 201 2260 1410 2414">
    <p class='ocr_par' dir='ltr' id='par_1_11' title="bbox 201 2260 1410 2414">
     <span class='ocr_line' id='line_1_18' title="bbox 201 2260 1410 2337; baseline 0 -19"><span class='ocrx_word' id='word_1_108' title='bbox 201 2262 306 2318; x_wconf 84' lang='lat' dir='ltr'>habuit</span> <span class='ocrx_word' id='word_1_109' title='bbox 334 2263 408 2319; x_wconf 92' lang='lat' dir='ltr'>duos</span> <span class='ocrx_word' id='word_1_110' title='bbox 432 2261 508 2318; x_wconf 88' lang='lat' dir='ltr'>filios</span> <span class='ocrx_word' id='word_1_111' title='bbox 535 2281 625 2335; x_wconf 77' lang='lat' dir='ltr'>usqae</span> <span class='ocrx_word' id='word_1_112' title='bbox 654 2260 697 2318; x_wconf 82' lang='lat' dir='ltr'>ad</span> <span class='ocrx_word' id='word_1_113' title='bbox 728 2281 783 2318; x_wconf 90' lang='lat' dir='ltr'>nec</span> <span class='ocrx_word' id='word_1_114' title='bbox 816 2261 1022 2337; x_wconf 72' lang='lat' dir='ltr'>poenitentiam</span> <span class='ocrx_word' id='word_1_115' title='bbox 1055 2260 1202 2318; x_wconf 87' lang='lat' dir='ltr'>habuistis</span> <span class='ocrx_word' id='word_1_116' title='bbox 1233 2265 1345 2336; x_wconf 80' lang='lat' dir='ltr'>postea,</span> <span class='ocrx_word' id='word_1_117' title='bbox 1375 2266 1410 2319; x_wconf 91' lang='lat' dir='ltr'>ut</span> 
     </span>
     <span class='ocr_line' id='line_1_19' title="bbox 201 2341 1002 2414; baseline 0.001 -16"><span class='ocrx_word' id='word_1_118' title='bbox 201 2343 358 2399; x_wconf 76' lang='lat' dir='ltr'>crederetis</span> <span class='ocrx_word' id='word_1_119' title='bbox 372 2341 406 2399; x_wconf 90' lang='lat' dir='ltr'>ei.</span> <span class='ocrx_word' id='word_1_120' title='bbox 451 2341 511 2411; x_wconf 77' lang='lat' dir='ltr'>Qui</span> <span class='ocrx_word' id='word_1_121' title='bbox 525 2342 616 2399; x_wconf 89' lang='lat' dir='ltr'>habet</span> <span class='ocrx_word' id='word_1_122' title='bbox 629 2361 715 2400; x_wconf 85' lang='lat' dir='ltr'>aures</span> <span class='ocrx_word' id='word_1_123' title='bbox 728 2342 877 2414; x_wconf 86' lang='lat' dir='ltr'>audiendi,</span> <span class='ocrx_word' id='word_1_124' title='bbox 892 2342 1002 2400; x_wconf 87' lang='lat' dir='ltr'>audiat</span> 
     </span>
    </p>
   </div>
   <div class='ocr_carea' id='block_1_12' title="bbox 323 2557 1303 2626">
    <p class='ocr_par' dir='ltr' id='par_1_12' title="bbox 323 2557 1303 2626">
     <span class='ocr_line' id='line_1_20' title="bbox 323 2557 1303 2626; baseline 0.003 -13"><span class='ocrx_word' id='word_1_125' title='bbox 323 2557 486 2615; x_wconf 79' lang='lat' dir='ltr'>Donnuca</span> <span class='ocrx_word' id='word_1_126' title='bbox 507 2557 664 2616; x_wconf 78' lang='lat' dir='ltr'>V1cns1na</span> <span class='ocrx_word' id='word_1_127' title='bbox 684 2573 800 2626; x_wconf 74' lang='lat' dir='ltr'>ouium</span> <span class='ocrx_word' id='word_1_128' title='bbox 821 2575 893 2617; x_wconf 71' lang='lat' dir='ltr'>Posi</span> <span class='ocrx_word' id='word_1_129' title='bbox 914 2560 1058 2617; x_wconf 77' lang='lat' dir='ltr'>Ocrnvas</span> <span class='ocrx_word' id='word_1_130' title='bbox 1079 2558 1303 2618; x_wconf 72' lang='lat' dir='ltr'>Pmiunoosnas.</span> 
     </span>
    </p>
   </div>
   <div class='ocr_carea' id='block_1_13' title="bbox 200 2677 1412 4210">
    <p class='ocr_par' dir='ltr' id='par_1_13' title="bbox 264 2677 570 2754">
     <span class='ocr_line' id='line_1_21' title="bbox 264 2677 570 2754; baseline 0 -17"><span class='ocrx_word' id='word_1_131' title='bbox 264 2677 404 2754; x_wconf 76' lang='lat' dir='ltr'>Officium.</span> <span class='ocrx_word' id='word_1_132' title='bbox 567 2744 570 2749; x_wconf 22' lang='lat'><strong>¹</strong></span> 
     </span>
    </p>

    <p class='ocr_par' dir='ltr' id='par_1_14' title="bbox 200 2760 1410 2980">
     <span class='ocr_line' id='line_1_22' title="bbox 262 2760 1409 2838; baseline 0.004 -22"><span class='ocrx_word' id='word_1_133' title='bbox 262 2761 345 2818; x_wconf 81' lang='lat' dir='ltr'>Dicit</span> <span class='ocrx_word' id='word_1_134' title='bbox 370 2761 526 2833; x_wconf 92' lang='lat' dir='ltr'>Dominus,</span> <span class='ocrx_word' id='word_1_135' title='bbox 551 2780 604 2838; x_wconf 85' lang='lat' dir='ltr'>ego</span> <span class='ocrx_word' id='word_1_136' title='bbox 629 2761 726 2838; x_wconf 87' lang='lat' dir='ltr'>cogito</span> <span class='ocrx_word' id='word_1_137' title='bbox 750 2760 945 2837; x_wconf 87' lang='lat' dir='ltr'>cogitationes</span> <span class='ocrx_word' id='word_1_138' title='bbox 969 2762 1050 2836; x_wconf 87' lang='lat' dir='ltr'>pacis</span> <span class='ocrx_word' id='word_1_139' title='bbox 1076 2767 1108 2818; x_wconf 91' lang='lat' dir='ltr'>et</span> <span class='ocrx_word' id='word_1_140' title='bbox 1134 2781 1197 2818; x_wconf 90' lang='lat' dir='ltr'>non</span> <span class='ocrx_word' id='word_1_141' title='bbox 1223 2761 1409 2821; x_wconf 86' lang='lat' dir='ltr'>afflictionis:</span> 
     </span>
     <span class='ocr_line' id='line_1_23' title="bbox 200 2842 1410 2918; baseline 0.002 -20"><span class='ocrx_word' id='word_1_142' title='bbox 200 2842 378 2899; x_wconf 78' lang='lat' dir='ltr'>invocabitis</span> <span class='ocrx_word' id='word_1_143' title='bbox 392 2862 456 2900; x_wconf 88' lang='lat' dir='ltr'>me:</span> <span class='ocrx_word' id='word_1_144' title='bbox 478 2851 509 2900; x_wconf 90' lang='lat' dir='ltr'>et</span> <span class='ocrx_word' id='word_1_145' title='bbox 523 2862 577 2918; x_wconf 84' lang='lat' dir='ltr'>ego</span> <span class='ocrx_word' id='word_1_146' title='bbox 591 2843 749 2899; x_wconf 81' lang='lat' dir='ltr'>exaudiam</span> <span class='ocrx_word' id='word_1_147' title='bbox 764 2861 833 2898; x_wconf 84' lang='lat' dir='ltr'>vos:</span> <span class='ocrx_word' id='word_1_148' title='bbox 855 2849 886 2899; x_wconf 88' lang='lat' dir='ltr'>et</span> <span class='ocrx_word' id='word_1_149' title='bbox 899 2842 1040 2900; x_wconf 85' lang='lat' dir='ltr'>reducam</span> <span class='ocrx_word' id='word_1_150' title='bbox 1060 2842 1269 2918; x_wconf 83' lang='lat' dir='ltr'>captivitatem</span> <span class='ocrx_word' id='word_1_151' title='bbox 1283 2851 1410 2900; x_wconf 81' lang='lat' dir='ltr'>vestiam</span> 
     </span>
     <span class='ocr_line' id='line_1_24' title="bbox 202 2923 461 2980; baseline 0.015 -4"><span class='ocrx_word' id='word_1_152' title='bbox 202 2924 238 2980; x_wconf 87' lang='lat' dir='ltr'>de</span> <span class='ocrx_word' id='word_1_153' title='bbox 253 2925 368 2980; x_wconf 89' lang='lat' dir='ltr'>cunctis</span> <span class='ocrx_word' id='word_1_154' title='bbox 383 2923 461 2980; x_wconf 85' lang='lat' dir='ltr'>locis.</span> 
     </span>
    </p>

    <p class='ocr_par' dir='ltr' id='par_1_15' title="bbox 265 3004 410 3064">
     <span class='ocr_line' id='line_1_25' title="bbox 265 3004 410 3064; baseline 0.028 -4"><span class='ocrx_word' id='word_1_155' title='bbox 265 3004 410 3064; x_wconf 76' lang='lat' dir='ltr'>l’aulnnns.</span> 
     </span>
    </p>

    <p class='ocr_par' dir='ltr' id='par_1_16' title="bbox 261 3084 1343 3160">
     <span class='ocr_line' id='line_1_26' title="bbox 261 3084 1343 3160; baseline 0.001 -18"><span class='ocrx_word' id='word_1_156' title='bbox 261 3084 455 3154; x_wconf 82' lang='lat' dir='ltr'>Benedixisti‚</span> <span class='ocrx_word' id='word_1_157' title='bbox 470 3084 609 3158; x_wconf 80' lang='lat' dir='ltr'>Domine,</span> <span class='ocrx_word' id='word_1_158' title='bbox 625 3089 735 3141; x_wconf 79' lang='lat' dir='ltr'>ternam</span> <span class='ocrx_word' id='word_1_159' title='bbox 748 3090 850 3141; x_wconf 89' lang='lat' dir='ltr'>tuam:</span> <span class='ocrx_word' id='word_1_160' title='bbox 870 3084 1007 3142; x_wconf 82' lang='lat' dir='ltr'>aveitisti</span> <span class='ocrx_word' id='word_1_161' title='bbox 1019 3084 1227 3160; x_wconf 81' lang='lat' dir='ltr'>captivitatem</span> <span class='ocrx_word' id='word_1_162' title='bbox 1239 3085 1343 3143; x_wconf 83' lang='lat' dir='ltr'>Jacob.</span> 
     </span>
    </p>

    <p class='ocr_par' dir='ltr' id='par_1_17' title="bbox 265 3167 374 3226">
     <span class='ocr_line' id='line_1_27' title="bbox 265 3167 374 3226; baseline 0.018 -7"><span class='ocrx_word' id='word_1_163' title='bbox 265 3167 374 3226; x_wconf 74' lang='lat' dir='ltr'>(butio.</span> 
     </span>
    </p>

    <p class='ocr_par' dir='ltr' id='par_1_18' title="bbox 200 3244 1412 3485">
     <span class='ocr_line' id='line_1_28' title="bbox 262 3244 1412 3322; baseline 0.001 -19"><span class='ocrx_word' id='word_1_164' title='bbox 262 3247 379 3316; x_wconf 86' lang='lat' dir='ltr'>Excita,</span> <span class='ocrx_word' id='word_1_165' title='bbox 395 3247 533 3318; x_wconf 87' lang='lat' dir='ltr'>Domine,</span> <span class='ocrx_word' id='word_1_166' title='bbox 555 3265 732 3322; x_wconf 86' lang='lat' dir='ltr'>quaesnmus‚</span> <span class='ocrx_word' id='word_1_167' title='bbox 755 3252 876 3303; x_wconf 78' lang='lat' dir='ltr'>tuoium</span> <span class='ocrx_word' id='word_1_168' title='bbox 896 3245 1029 3303; x_wconf 87' lang='lat' dir='ltr'>fidelium</span> <span class='ocrx_word' id='word_1_169' title='bbox 1048 3244 1239 3319; x_wconf 84' lang='lat' dir='ltr'>voluntates3</span> <span class='ocrx_word' id='word_1_170' title='bbox 1259 3253 1296 3304; x_wconf 89' lang='lat' dir='ltr'>nt</span> <span class='ocrx_word' id='word_1_171' title='bbox 1316 3245 1412 3304; x_wconf 92' lang='lat' dir='ltr'>divini</span> 
     </span>
     <span class='ocr_line' id='line_1_29' title="bbox 200 3327 1412 3405; baseline 0.001 -21"><span class='ocrx_word' id='word_1_172' title='bbox 200 3328 295 3403; x_wconf 72' lang='lat' dir='ltr'>operis</span> <span class='ocrx_word' id='word_1_173' title='bbox 323 3328 454 3385; x_wconf 82' lang='lat' dir='ltr'>fructum</span> <span class='ocrx_word' id='word_1_174' title='bbox 479 3327 653 3404; x_wconf 82' lang='lat' dir='ltr'>propensius</span> <span class='ocrx_word' id='word_1_175' title='bbox 676 3333 880 3402; x_wconf 83' lang='lat' dir='ltr'>exsequentes,</span> <span class='ocrx_word' id='word_1_176' title='bbox 905 3328 1026 3404; x_wconf 89' lang='lat' dir='ltr'>pietatis</span> <span class='ocrx_word' id='word_1_177' title='bbox 1052 3334 1113 3385; x_wconf 85' lang='lat' dir='ltr'>tuae</span> <span class='ocrx_word' id='word_1_178' title='bbox 1140 3327 1273 3386; x_wconf 83' lang='lat' dir='ltr'>remedia</span> <span class='ocrx_word' id='word_1_179' title='bbox 1299 3329 1412 3405; x_wconf 90' lang='lat' dir='ltr'>majora</span> 
     </span>
     <span class='ocr_line' id='line_1_30' title="bbox 201 3408 664 3485; baseline 0.002 -22"><span class='ocrx_word' id='word_1_180' title='bbox 201 3408 373 3485; x_wconf 76' lang='lat' dir='ltr'>percipiant.</span> <span class='ocrx_word' id='word_1_181' title='bbox 418 3409 477 3466; x_wconf 85' lang='lat' dir='ltr'>Per</span> <span class='ocrx_word' id='word_1_182' title='bbox 490 3408 664 3465; x_wconf 88' lang='lat' dir='ltr'>Dominum.</span> 
     </span>
    </p>

    <p class='ocr_par' dir='ltr' id='par_1_19' title="bbox 264 3505 887 3583">
     <span class='ocr_line' id='line_1_31' title="bbox 264 3505 887 3583; baseline 0.005 -22"><span class='ocrx_word' id='word_1_183' title='bbox 264 3507 357 3562; x_wconf 76' lang='lat' dir='ltr'>Lectio</span> <span class='ocrx_word' id='word_1_184' title='bbox 371 3505 527 3562; x_wconf 72' lang='lat' dir='ltr'>Hieremia</span> <span class='ocrx_word' id='word_1_185' title='bbox 540 3505 691 3581; x_wconf 74' lang='lat' dir='ltr'>Propheta</span> <span class='ocrx_word' id='word_1_186' title='bbox 706 3505 802 3581; x_wconf 53' lang='lat' dir='ltr'>(aviii,</span> <span class='ocrx_word' id='word_1_187' title='bbox 819 3505 887 3583; x_wconf 86' lang='lat'>5-8).</span> 
     </span>
    </p>

    <p class='ocr_par' dir='ltr' id='par_1_20' title="bbox 201 3585 1410 3744">
     <span class='ocr_line' id='line_1_32' title="bbox 262 3585 1410 3664; baseline 0.004 -22"><span class='ocrx_word' id='word_1_188' title='bbox 262 3586 336 3643; x_wconf 81' lang='lat' dir='ltr'>Ecce</span> <span class='ocrx_word' id='word_1_189' title='bbox 351 3586 413 3643; x_wconf 89' lang='lat' dir='ltr'>dies</span> <span class='ocrx_word' id='word_1_190' title='bbox 427 3586 561 3657; x_wconf 84' lang='lat' dir='ltr'>veniunt,</span> <span class='ocrx_word' id='word_1_191' title='bbox 578 3587 650 3644; x_wconf 90' lang='lat' dir='ltr'>dicit</span> <span class='ocrx_word' id='word_1_192' title='bbox 664 3587 821 3657; x_wconf 78' lang='lat' dir='ltr'>Dominus,</span> <span class='ocrx_word' id='word_1_193' title='bbox 836 3594 867 3644; x_wconf 90' lang='lat' dir='ltr'>et</span> <span class='ocrx_word' id='word_1_194' title='bbox 880 3585 1028 3644; x_wconf 85' lang='lat' dir='ltr'>suscitabo</span> <span class='ocrx_word' id='word_1_195' title='bbox 1042 3586 1143 3644; x_wconf 90' lang='lat' dir='ltr'>David</span> <span class='ocrx_word' id='word_1_196' title='bbox 1155 3607 1278 3664; x_wconf 85' lang='lat' dir='ltr'>germen</span> <span class='ocrx_word' id='word_1_197' title='bbox 1291 3589 1410 3664; x_wconf 75' lang='lat' dir='ltr'>justum</span> 
     </span>
     <span class='ocr_line' id='line_1_33' title="bbox 201 3667 1257 3744; baseline 0.003 -20"><span class='ocrx_word' id='word_1_198' title='bbox 201 3687 291 3741; x_wconf 75' lang='lat' dir='ltr'>usquc</span> <span class='ocrx_word' id='word_1_199' title='bbox 305 3669 345 3722; x_wconf 79' lang='lat' dir='ltr'>ud</span> <span class='ocrx_word' id='word_1_200' title='bbox 359 3675 390 3724; x_wconf 91' lang='lat' dir='ltr'>et</span> <span class='ocrx_word' id='word_1_201' title='bbox 402 3667 583 3725; x_wconf 89' lang='lat' dir='ltr'>habitabunt</span> <span class='ocrx_word' id='word_1_202' title='bbox 597 3668 629 3724; x_wconf 92' lang='lat' dir='ltr'>in</span> <span class='ocrx_word' id='word_1_203' title='bbox 642 3674 721 3725; x_wconf 74' lang='lat' dir='ltr'>terna</span> <span class='ocrx_word' id='word_1_204' title='bbox 735 3688 796 3738; x_wconf 89' lang='lat' dir='ltr'>sua,</span> <span class='ocrx_word' id='word_1_205' title='bbox 812 3668 886 3725; x_wconf 91' lang='lat' dir='ltr'>dicit</span> <span class='ocrx_word' id='word_1_206' title='bbox 899 3667 1048 3725; x_wconf 87' lang='lat' dir='ltr'>Dominus</span> <span class='ocrx_word' id='word_1_207' title='bbox 1060 3669 1257 3744; x_wconf 87' lang='lat' dir='ltr'>omnipotens.</span> 
     </span>
    </p>

    <p class='ocr_par' dir='ltr' id='par_1_21' title="bbox 265 3748 400 3806">
     <span class='ocr_line' id='line_1_34' title="bbox 265 3748 400 3806; baseline 0.022 -3"><span class='ocrx_word' id='word_1_208' title='bbox 265 3748 400 3806; x_wconf 72' lang='lat' dir='ltr'>(landola.</span> 
     </span>
    </p>

    <p class='ocr_par' dir='ltr' id='par_1_22' title="bbox 202 3829 1411 3967">
     <span class='ocr_line' id='line_1_35' title="bbox 262 3829 1411 3906; baseline 0.003 -22"><span class='ocrx_word' id='word_1_209' title='bbox 262 3829 409 3886; x_wconf 77' lang='lat' dir='ltr'>Libeiasti</span> <span class='ocrx_word' id='word_1_210' title='bbox 430 3849 491 3902; x_wconf 89' lang='lat' dir='ltr'>nos,</span> <span class='ocrx_word' id='word_1_211' title='bbox 508 3829 644 3902; x_wconf 88' lang='lat' dir='ltr'>Domine,</span> <span class='ocrx_word' id='word_1_212' title='bbox 659 3849 697 3887; x_wconf 77' lang='lat' dir='ltr'>ex</span> <span class='ocrx_word' id='word_1_213' title='bbox 718 3829 917 3906; x_wconf 85' lang='lat' dir='ltr'>affligentibus</span> <span class='ocrx_word' id='word_1_214' title='bbox 929 3848 1004 3888; x_wconf 89' lang='lat' dir='ltr'>nos:</span> <span class='ocrx_word' id='word_1_215' title='bbox 1026 3835 1057 3887; x_wconf 91' lang='lat' dir='ltr'>et</span> <span class='ocrx_word' id='word_1_216' title='bbox 1072 3848 1121 3887; x_wconf 87' lang='lat' dir='ltr'>eos</span> <span class='ocrx_word' id='word_1_217' title='bbox 1137 3829 1192 3906; x_wconf 88' lang='lat' dir='ltr'>qui</span> <span class='ocrx_word' id='word_1_218' title='bbox 1210 3849 1267 3888; x_wconf 91' lang='lat' dir='ltr'>nos</span> <span class='ocrx_word' id='word_1_219' title='bbox 1283 3831 1411 3889; x_wconf 88' lang='lat' dir='ltr'>oderunt</span> 
     </span>
     <span class='ocr_line' id='line_1_36' title="bbox 202 3909 370 3967; baseline -0.012 0"><span class='ocrx_word' id='word_1_220' title='bbox 202 3909 370 3967; x_wconf 76' lang='lat' dir='ltr'>confudisti.</span> 
     </span>
    </p>

    <p class='ocr_par' dir='ltr' id='par_1_23' title="bbox 206 3990 1377 4052">
     <span class='ocr_line' id='line_1_37' title="bbox 206 3990 1377 4052; baseline 0.003 -4"><span class='ocrx_word' id='word_1_221' title='bbox 206 3992 233 4048; x_wconf 72' lang='grc' dir='ltr'>Γ.</span> <span class='ocrx_word' id='word_1_222' title='bbox 261 3991 300 4047; x_wconf 88' lang='lat' dir='ltr'>In</span> <span class='ocrx_word' id='word_1_223' title='bbox 315 3990 380 4047; x_wconf 92' lang='lat' dir='ltr'>Deo</span> <span class='ocrx_word' id='word_1_224' title='bbox 394 3990 582 4048; x_wconf 80' lang='lat' dir='ltr'>laudabimur</span> <span class='ocrx_word' id='word_1_225' title='bbox 591 3996 657 4049; x_wconf 87' lang='lat' dir='ltr'>tota</span> <span class='ocrx_word' id='word_1_226' title='bbox 669 3991 717 4048; x_wconf 92' lang='lat' dir='ltr'>die</span> <span class='ocrx_word' id='word_1_227' title='bbox 730 4013 736 4049; x_wconf 95' lang='lat'><strong>:</strong></span> <span class='ocrx_word' id='word_1_228' title='bbox 758 3999 789 4048; x_wconf 91' lang='lat' dir='ltr'>et</span> <span class='ocrx_word' id='word_1_229' title='bbox 801 3990 917 4048; x_wconf 90' lang='lat' dir='ltr'>nomini</span> <span class='ocrx_word' id='word_1_230' title='bbox 930 3996 983 4049; x_wconf 88' lang='lat' dir='ltr'>tuo</span> <span class='ocrx_word' id='word_1_231' title='bbox 997 3991 1206 4049; x_wconf 85' lang='lat' dir='ltr'>confitebimur</span> <span class='ocrx_word' id='word_1_232' title='bbox 1215 3991 1249 4048; x_wconf 91' lang='lat' dir='ltr'>in</span> <span class='ocrx_word' id='word_1_233' title='bbox 1262 3992 1377 4052; x_wconf 72' lang='lat' dir='ltr'>saeculs.</span> 
     </span>
    </p>

    <p class='ocr_par' dir='ltr' id='par_1_24' title="bbox 201 4071 1410 4210">
     <span class='ocr_line' id='line_1_38' title="bbox 260 4071 1410 4148; baseline 0 -20"><span class='ocrx_word' id='word_1_234' title='bbox 260 4072 409 4148; x_wconf 83' lang='lat' dir='ltr'>Alleluya.</span> <span class='ocrx_word' id='word_1_235' title='bbox 469 4073 497 4130; x_wconf 64' lang='grc' dir='ltr'>Γ.</span> <span class='ocrx_word' id='word_1_236' title='bbox 536 4072 596 4142; x_wconf 80' lang='lat' dir='ltr'>Qui</span> <span class='ocrx_word' id='word_1_237' title='bbox 622 4073 722 4148; x_wconf 89' lang='lat' dir='ltr'>posuit</span> <span class='ocrx_word' id='word_1_238' title='bbox 748 4074 821 4129; x_wconf 89' lang='lat' dir='ltr'>fines</span> <span class='ocrx_word' id='word_1_239' title='bbox 848 4079 916 4129; x_wconf 89' lang='lat' dir='ltr'>tuos</span> <span class='ocrx_word' id='word_1_240' title='bbox 944 4091 1063 4148; x_wconf 88' lang='lat' dir='ltr'>pacem:</span> <span class='ocrx_word' id='word_1_241' title='bbox 1097 4078 1129 4129; x_wconf 92' lang='lat' dir='ltr'>et</span> <span class='ocrx_word' id='word_1_242' title='bbox 1155 4072 1242 4148; x_wconf 85' lang='lat' dir='ltr'>adipe</span> <span class='ocrx_word' id='word_1_243' title='bbox 1266 4071 1410 4131; x_wconf 85' lang='lat' dir='ltr'>frumenti</span> 
     </span>
     <span class='ocr_line' id='line_1_39' title="bbox 201 4153 342 4210; baseline 0.007 -1"><span class='ocrx_word' id='word_1_244' title='bbox 201 4153 291 4210; x_wconf 79' lang='lat' dir='ltr'>satiat</span> <span class='ocrx_word' id='word_1_245' title='bbox 304 4162 342 4210; x_wconf 78' lang='lat' dir='ltr'>te.</span> 
     </span>
    </p>
   </div>
   <div class='ocr_carea' id='block_1_14' title="bbox 201 4248 1407 4569">
    <p class='ocr_par' dir='ltr' id='par_1_25' title="bbox 261 4248 779 4327">
     <span class='ocr_line' id='line_1_40' title="bbox 261 4248 779 4327; baseline 0.002 -22"><span class='ocrx_word' id='word_1_246' title='bbox 261 4249 428 4307; x_wconf 74' lang='lat' dir='ltr'>Secznuluna</span> <span class='ocrx_word' id='word_1_247' title='bbox 441 4248 608 4307; x_wconf 60' lang='lat' dir='ltr'>«Iohannem</span> <span class='ocrx_word' id='word_1_248' title='bbox 624 4250 671 4327; x_wconf 82' lang='lat' dir='ltr'>(vi.</span> <span class='ocrx_word' id='word_1_249' title='bbox 686 4251 779 4326; x_wconf 80' lang='lat'>5-14).</span> 
     </span>
    </p>

    <p class='ocr_par' dir='ltr' id='par_1_26' title="bbox 201 4330 1407 4569">
     <span class='ocr_line' id='line_1_41' title="bbox 261 4330 1407 4408; baseline 0.003 -23"><span class='ocrx_word' id='word_1_250' title='bbox 261 4331 300 4386; x_wconf 92' lang='lat' dir='ltr'>In</span> <span class='ocrx_word' id='word_1_251' title='bbox 314 4331 365 4387; x_wconf 83' lang='lat' dir='ltr'>illo</span> <span class='ocrx_word' id='word_1_252' title='bbox 382 4338 520 4407; x_wconf 87' lang='lat' dir='ltr'>tempore,</span> <span class='ocrx_word' id='word_1_253' title='bbox 537 4330 613 4388; x_wconf 77' lang='lat' dir='ltr'>Cum</span> <span class='ocrx_word' id='word_1_254' title='bbox 627 4331 810 4388; x_wconf 85' lang='lat' dir='ltr'>sublevasset</span> <span class='ocrx_word' id='word_1_255' title='bbox 823 4330 923 4387; x_wconf 91' lang='lat' dir='ltr'>oculos</span> <span class='ocrx_word' id='word_1_256' title='bbox 935 4331 958 4388; x_wconf 78' lang='lat' dir='ltr'>‚J</span> <span class='ocrx_word' id='word_1_257' title='bbox 959 4350 1035 4402; x_wconf 86' lang='lat' dir='ltr'>esus,</span> <span class='ocrx_word' id='word_1_258' title='bbox 1045 4337 1077 4388; x_wconf 90' lang='lat' dir='ltr'>et</span> <span class='ocrx_word' id='word_1_259' title='bbox 1086 4331 1212 4390; x_wconf 88' lang='lat' dir='ltr'>vidisset</span> <span class='ocrx_word' id='word_1_260' title='bbox 1225 4333 1298 4408; x_wconf 88' lang='lat' dir='ltr'>quia</span> <span class='ocrx_word' id='word_1_261' title='bbox 1311 4331 1407 4390; x_wconf 89' lang='lat' dir='ltr'>multi·</span> 
     </span>
     <span class='ocr_line' id='line_1_42' title="bbox 201 4410 1407 4488; baseline 0.002 -24"><span class='ocrx_word' id='word_1_262' title='bbox 201 4411 273 4466; x_wconf 88' lang='lat' dir='ltr'>tudo</span> <span class='ocrx_word' id='word_1_263' title='bbox 287 4412 417 4468; x_wconf 83' lang='lat' dir='ltr'>maxima</span> <span class='ocrx_word' id='word_1_264' title='bbox 430 4412 514 4470; x_wconf 88' lang='lat' dir='ltr'>venit</span> <span class='ocrx_word' id='word_1_265' title='bbox 531 4413 569 4468; x_wconf 84' lang='lat' dir='ltr'>ad</span> <span class='ocrx_word' id='word_1_266' title='bbox 588 4431 664 4481; x_wconf 88' lang='lat' dir='ltr'>eum,</span> <span class='ocrx_word' id='word_1_267' title='bbox 680 4412 753 4469; x_wconf 88' lang='lat' dir='ltr'>dicit</span> <span class='ocrx_word' id='word_1_268' title='bbox 773 4412 811 4468; x_wconf 90' lang='lat' dir='ltr'>ad</span> <span class='ocrx_word' id='word_1_269' title='bbox 832 4410 1006 4488; x_wconf 91' lang='lat' dir='ltr'>Philippum</span> <span class='ocrx_word' id='word_1_270' title='bbox 1024 4433 1116 4488; x_wconf 77' lang='lat' dir='ltr'>usqne</span> <span class='ocrx_word' id='word_1_271' title='bbox 1138 4415 1179 4471; x_wconf 84' lang='lat' dir='ltr'>ad</span> <span class='ocrx_word' id='word_1_272' title='bbox 1199 4414 1278 4484; x_wconf 76' lang='lat' dir='ltr'>Quia</span> <span class='ocrx_word' id='word_1_273' title='bbox 1296 4415 1347 4472; x_wconf 91' lang='lat' dir='ltr'>hio</span> <span class='ocrx_word' id='word_1_274' title='bbox 1366 4417 1407 4470; x_wconf 90' lang='lat' dir='ltr'>est</span> 
     </span>
     <span class='ocr_line' id='line_1_43' title="bbox 201 4491 935 4569; baseline 0.008 -24"><span class='ocrx_word' id='word_1_275' title='bbox 201 4508 270 4547; x_wconf 80' lang='lat' dir='ltr'>vere</span> <span class='ocrx_word' id='word_1_276' title='bbox 282 4492 435 4568; x_wconf 84' lang='lat' dir='ltr'>propheta,</span> <span class='ocrx_word' id='word_1_277' title='bbox 451 4494 504 4569; x_wconf 91' lang='lat' dir='ltr'>qui</span> <span class='ocrx_word' id='word_1_278' title='bbox 517 4498 663 4551; x_wconf 88' lang='lat' dir='ltr'>venturus</span> <span class='ocrx_word' id='word_1_279' title='bbox 676 4499 722 4550; x_wconf 87' lang='lat' dir='ltr'>est</span> <span class='ocrx_word' id='word_1_280' title='bbox 735 4493 767 4548; x_wconf 90' lang='lat' dir='ltr'>in</span> <span class='ocrx_word' id='word_1_281' title='bbox 781 4491 935 4551; x_wconf 86' lang='lat' dir='ltr'>mundum.</span> 
     </span>
    </p>
   </div>
   <div class='ocr_carea' id='block_1_15' title="bbox 0 0 1464 4986">
    <p class='ocr_par' dir='ltr' id='par_1_27' title="bbox 0 0 1464 4986">
     <span class='ocr_line' id='line_1_44' title="bbox 0 0 1464 4986; baseline 0 0"><span class='ocrx_word' id='word_1_282' title='bbox 0 0 1464 4986; x_wconf 95' lang='lat' dir='ltr'> </span> 
     </span>
    </p>
   </div>
  </div>
 </body>
</html>
