2918 4986
416 379 465 444 Ia
486 378 541 445 die
562 384 675 444 saneto
696 350 904 443 Pentecostee.

114 546 277 623 Sequentia.

59 629 157 687 Sancti
173 628 301 704 Spiritus
314 627 392 685 adsit
405 628 490 685 nobis
504 627 608 704 gratia,

58 709 129 780 Quae
144 711 231 769 corda
244 715 345 766 nostra
358 709 414 766 sibi
427 708 515 766 faciat
528 707 705 780 habitacula,

57 788 198 868 Expulsis
210 791 279 849 inde
293 790 406 847 cunctis
419 789 501 847 vitiis
515 788 704 866 spiritalibus.

57 870 185 948 Spiritus
199 871 282 943 alme,
297 871 461 927 illustrator
474 869 637 942 hominum,

57 951 204 1009 Hori-idas
217 958 324 1009 nostrae
338 951 445 1008 mentis
459 970 552 1028 purga
565 950 708 1007 tenebras,

57 1032 185 1091 Amator
197 1040 296 1090 sancte
310 1038 491 1090 sensatorum
506 1051 619 1107 semper
633 1031 824 1106 cogitatuum,

57 1112 187 1171 Infunde
200 1115 369 1170 unctionem
382 1119 465 1170 tuam
480 1112 605 1170 clemens
618 1111 727 1168 nostris
741 1111 881 1168 sensibus.

57 1192 102 1251 Tu
115 1194 286 1271 purificator
298 1193 430 1250 omnium
449 1193 626 1270 flagitiorum
641 1191 780 1268 Spiritus,

58 1273 185 1332 Purifica
198 1275 292 1332 nostri
305 1274 421 1332 oculum
435 1274 584 1330 interioris
598 1273 733 1344 hominis,

58 1353 103 1414 Ut
117 1355 213 1413 videri
225 1375 377 1432 supremus
390 1356 505 1432 genitor
518 1353 641 1430 possita
654 1353 746 1425 nobis,

57 1435 167 1493 Mundi
180 1434 290 1494 cordis*
303 1455 390 1512 quem
404 1435 458 1493 soli
472 1454 588 1493 cernere
601 1442 723 1510 possunt
737 1433 821 1491 oculi.

57 1516 220 1593 Prophetas
233 1523 267 1575 tu
281 1517 440 1593 inspirasti,
455 1522 490 1572 ut
503 1515 648 1592 praeconia
662 1514 773 1572 Christi
787 1513 1009 1590 praecinuissent
1022 1511 1141 1588 inclyta.

57 1599 217 1674 Apostolos
227 1598 406 1670 confortasti,
417 1604 452 1654 ut
466 1604 610 1672 tropaeum
624 1595 736 1653 Christi
749 1614 802 1672 per
815 1600 911 1652 totum
925 1592 1069 1650 mundum
1084 1593 1235 1650 veherent.

58 1678 183 1748 Quando
196 1679 362 1736 machinam
375 1678 563 1754 perverbum
577 1697 662 1734 suum
676 1676 747 1734 fecit
760 1676 842 1733 Deus
856 1675 928 1746 caeli,
943 1681 1038 1745 terrae,
1054 1674 1189 1731 marium.

57 1758 102 1816 Tu
115 1778 203 1835 super
216 1779 312 1836 aquas,
328 1760 443 1816 foturus
457 1778 514 1831 eas,
528 1778 639 1815 numen
653 1763 739 1814 tuum
754 1756 928 1833 expandisti,
944 1755 1080 1832 Spiritus.

58 1839 102 1897 Tu
115 1841 270 1915 animabus
283 1841 474 1911 vivificandis,
490 1859 581 1915 aquas
594 1839 750 1910 fecundas,

58 1920 110 1994 Tu,
126 1921 290 1997 aspirando,
306 1922 357 1978 das
371 1921 515 1997 spiritales
529 1940 590 1977 esse
604 1919 755 1991 homines3

56 2000 101 2058 Tu
114 2003 243 2059 divisum
257 2022 309 2078 per
321 2003 436 2078 linguas
451 2001 594 2058 mundum
610 2009 639 2057 et
653 2001 728 2057 ritus
742 1999 887 2070 adunasti,
905 1998 1040 2056 Domine.

57 2081 203 2140 Idolatras
217 2083 254 2140 ad
267 2083 381 2140 cultum
395 2082 453 2139 Dei
467 2102 593 2152 revocas,
610 2081 817 2158 magistrorum
831 2081 948 2156 optime.

56 2161 135 2241 Ergo
149 2183 202 2221 nos
216 2162 413 2240 supplicantes
426 2163 483 2220 tibi
497 2163 603 2220 exaudi
617 2162 772 2239 propitiae,
790 2162 896 2219 Sancte
911 2159 1048 2237 Spiritus,

57 2243 126 2302 Sine
140 2264 199 2320 quo
213 2265 310 2320 preces
324 2264 424 2301 omnes
438 2263 523 2301 cassae
538 2244 707 2316 creduntur,
722 2249 752 2300 et
765 2242 893 2319 indignae
908 2241 967 2299 Dei
979 2241 1107 2298 auribus.

56 2323 108 2397 Tu,
125 2326 177 2401 qui
191 2325 322 2382 omnium
336 2325 508 2382 saeculorum
523 2330 638 2382 sanctos

56 2405 114 2462 Tui
127 2406 254 2463 nominis
267 2407 392 2463 docuisti
405 2406 548 2463 instinctu
561 2404 772 2482 amplectendo,
788 2404 924 2481 Spiritus,

57 2485 126 2562 Ipse
139 2486 225 2543 hodie
239 2486 385 2563 apostolos
399 2486 511 2544 Christi

56 2566 179 2624 Donans
193 2588 314 2625 munere
327 2567 446 2625 insolito
461 2574 491 2624 et
504 2567 617 2624 cunctis
630 2567 765 2623 inaudito
779 2565 901 2638 saeculis,

58 2646 150 2705 Hunc
164 2649 242 2706 diem
255 2648 412 2724 gloriosum
425 2647 528 2706 fecisti.

116 2741 315 2815 Emapeiiam.
358 2741 524 2800 Secundum
537 2739 562 2795 J
561 2739 703 2796 olianaem
716 2738 789 2814 (mie.
805 2738 918 2815 23-31).

116 2822 156 2879 In
168 2823 219 2878 illo
233 2828 372 2898 tempore,
392 2821 480 2878 Dixit
498 2822 520 2879 J
521 2840 586 2878 esus
600 2820 749 2896 discipulis
763 2820 823 2876 suis
829 2839 837 2890 3
859 2819 971 2894 Siquis
988 2817 1087 2893 diligit
1104 2836 1151 2874 me
1168 2836 1258 2891 usqae

58 2902 97 2960 ad
109 2902 282 3040 (gilipdrgiligo
297 2902 425 2975 Patrem,
440 2908 471 2959 et
484 2902 561 2959 sicut
574 2901 747 2958 mandatum
761 2899 844 2957 dedit
858 2899 932 2956 mihi
946 2899 1045 2971 Pater,
1061 2898 1102 2955 sic
1115 2897 1197 2954 facio.

118 3064 350 3216 gffilpggwltl-Oe,
367 3145 457 3216 Deus,
472 3143 551 3219 quod
572 3148 709 3220 operatus
723 3161 753 3200 cs
774 3142 807 3198 in
825 3141 919 3211 nobis,
933 3160 951 3197 a
972 3139 1084 3216 templo
1105 3145 1158 3197 tuo
1180 3138 1259 3216 qnod

60 3231 103 3284 est
119 3226 152 3283 in
166 3226 371 3284 Hierusalem:
391 3225 449 3282 tibi
463 3225 586 3282 offerent
599 3243 680 3300 reges
694 3242 826 3296 munera,
840 3220 974 3298 alleluya.

117 3306 237 3365 Secreta.

118 3388 254 3458 Munera,
270 3406 445 3463 quaesumus
460 3386 597 3457 Domine,
613 3385 712 3443 oblata
726 3384 882 3456 sanctifica,
898 3389 928 3441 et
942 3383 1029 3440 corda
1042 3387 1144 3440 nostra
1158 3381 1260 3440 Sancti

61 3467 187 3545 Spiritus
200 3468 399 3525 illustratione
413 3467 547 3524 emunda.
590 3466 648 3523 Per
662 3465 833 3523 Dominum.
877 3464 917 3521 In
930 3464 1047 3521 unitate
1061 3463 1199 3539 ejusdem.

117 3547 268 3624 Praefatio.
312 3549 371 3618 Qui
397 3547 555 3605 ascendens
579 3567 673 3624 super·
687 3566 788 3605 omnes
812 3546 904 3603 caelos.
949 3545 1206 3602 Communicentes
1230 3550 1261 3602 et

60 3628 136 3687 diem
161 3629 386 3687 sacratissimam
406 3628 594 3686 Pentecostes
614 3629 799 3686 celebrantes.
843 3627 883 3684 m
904 3626 992 3684 Hane
1011 3626 1110 3701 igitur.
1153 3624 1262 3692 †Com·

59 3712 243 3767 manicantes
257 3719 282 3767 et
296 3710 385 3767 Hanc
398 3710 491 3786 igitur
504 3730 594 3784 usqae
607 3711 648 3766 ad
669 3709 788 3766 Festum
809 3707 923 3766 Sanetae
940 3707 1098 3764 Trinitatis
1111 3707 1259 3777 dicautur,

60 3791 172 3849 etiamsi
185 3791 303 3849 dicatur
316 3792 350 3848 de
363 3790 447 3849 Festo
460 3790 586 3866 alicujus
600 3789 702 3847 Sancti
715 3791 771 3848 aaa
785 3789 819 3847 de
833 3788 1126 3854 commmunicant

120 3870 302 3930 Cornmnuin

118 3952 229 4010 Factus
242 3958 286 4010 est
303 3957 424 4028 repente
438 3954 474 4010 de
488 3951 559 4008 caelo
573 3969 661 4008 sonus
675 3950 861 4008 advenientis
878 3949 999 4026 spiritus
1013 3948 1196 4007 vehementis
1208 3947 1263 4006 ubi

58 4039 143 4091 erent
156 4033 299 4106 sedentes,
315 4033 442 4108 alleluya
456 4053 462 4092 :
484 4039 515 4090 et
528 4032 634 4108 repleti
648 4037 719 4088 sunt
732 4050 833 4089 omnes
848 4031 963 4107 Spiritu
977 4031 1094 4103 Sancto,
1110 4028 1263 4107 loquentes

59 4115 205 4192 magnalia
219 4114 285 4187 Dei,
301 4113 436 4190 alleluya,
453 4113 588 4189 alleluya.

117 4195 357 4253 Postmmmnaio.

117 4275 221 4335 Sancti
236 4275 372 4352 Spiritus,
389 4273 526 4347 Domine,
542 4274 630 4332 corda
643 4278 745 4330 nostra
764 4272 889 4331 mundet
908 4272 1039 4330 infusio:
1069 4275 1099 4328 et
1120 4269 1167 4327 sui
1188 4269 1263 4326 roris

58 4355 164 4416 intima
190 4355 357 4434 aspersione
383 4355 529 4414 fecundet.
597 4355 655 4412 Per
682 4353 853 4412 Dominum.
923 4353 963 4410 In
989 4351 1106 4409 unitate
1133 4349 1263 4427 ejusdem

59 4435 196 4516 Spiritus.

236 4528 249 4557 '¹
263 4526 336 4573 MSS.
348 4526 367 4574 C
378 4526 426 4572 and
435 4525 576 4572 D—Mundi
585 4524 662 4575 corde.
834 4524 848 4584 's
864 4521 999 4570 oin-MS.
1011 4521 1041 4568 D.
