<?xml version="1.0" encoding="UTF-8"?>
<!DOCTYPE html PUBLIC "-//W3C//DTD XHTML 1.0 Transitional//EN"
    "http://www.w3.org/TR/xhtml1/DTD/xhtml1-transitional.dtd">
<html xmlns="http://www.w3.org/1999/xhtml" xml:lang="en" lang="en">
 <head>
  <title>
</title>
<meta http-equiv="Content-Type" content="text/html;charset=utf-8" />
  <meta name='ocr-system' content='tesseract 3.04.00' />
  <meta name='ocr-capabilities' content='ocr_page ocr_carea ocr_par ocr_line ocrx_word'/>
</head>
<body>
  <div class='ocr_page' id='page_1' title='image "./missaleadusumin03churgoog_0177.png"; bbox 0 0 2918 4986; ppageno 0'>
   <div class='ocr_carea' id='block_1_1' title="bbox 563 381 1300 449">
    <p class='ocr_par' dir='ltr' id='par_1_1' title="bbox 563 381 1300 449">
     <span class='ocr_line' id='line_1_1' title="bbox 563 381 1300 449; baseline -0.001 0"><span class='ocrx_word' id='word_1_1' title='bbox 563 384 612 449; x_wconf 86' lang='lat' dir='ltr'><strong>Ia</strong></span> <span class='ocrx_word' id='word_1_2' title='bbox 625 381 681 449; x_wconf 83' lang='lat' dir='ltr'><strong>dia</strong></span> <span class='ocrx_word' id='word_1_3' title='bbox 695 382 841 449; x_wconf 76' lang='lat' dir='ltr'><strong>Paschae.</strong></span> <span class='ocrx_word' id='word_1_4' title='bbox 1239 385 1300 448; x_wconf 79' lang='lat'><strong>125</strong></span> 
     </span>
    </p>
   </div>
   <div class='ocr_carea' id='block_1_2' title="bbox 74 549 1305 1125">
    <p class='ocr_par' dir='ltr' id='par_1_2' title="bbox 95 549 1304 709">
     <span class='ocr_line' id='line_1_2' title="bbox 158 549 1304 629; baseline -0.001 -19"><span class='ocrx_word' id='word_1_5' title='bbox 158 550 309 627; x_wconf 79' lang='lat' dir='ltr'><strong>Praefatio.</strong></span> <span class='ocrx_word' id='word_1_6' title='bbox 349 550 392 610; x_wconf 87' lang='lat' dir='ltr'><strong>Et</strong></span> <span class='ocrx_word' id='word_1_7' title='bbox 404 556 435 610; x_wconf 89' lang='lat' dir='ltr'><strong>tc</strong></span> <span class='ocrx_word' id='word_1_8' title='bbox 448 549 568 628; x_wconf 90' lang='lat' dir='ltr'><strong>quidem</strong></span> <span class='ocrx_word' id='word_1_9' title='bbox 578 550 660 609; x_wconf 88' lang='lat' dir='ltr'><strong>omni</strong></span> <span class='ocrx_word' id='word_1_10' title='bbox 670 555 810 629; x_wconf 88' lang='lat' dir='ltr'><strong>tempore,</strong></span> <span class='ocrx_word' id='word_1_11' title='bbox 823 549 874 609; x_wconf 87' lang='lat' dir='ltr'><strong>sed</strong></span> <span class='ocrx_word' id='word_1_12' title='bbox 886 549 920 608; x_wconf 91' lang='lat' dir='ltr'><strong>in</strong></span> <span class='ocrx_word' id='word_1_13' title='bbox 932 549 987 610; x_wconf 89' lang='lat' dir='ltr'><strong>hac</strong></span> <span class='ocrx_word' id='word_1_14' title='bbox 1001 549 1186 628; x_wconf 89' lang='lat' dir='ltr'><strong>potissimum</strong></span> <span class='ocrx_word' id='word_1_15' title='bbox 1199 555 1304 609; x_wconf 86' lang='lat' dir='ltr'><strong>nocte:</strong></span> 
     </span>
     <span class='ocr_line' id='line_1_3' title="bbox 95 631 640 709; baseline 0 -17"><span class='ocrx_word' id='word_1_16' title='bbox 95 641 123 692; x_wconf 82' lang='lat' dir='ltr'><strong>ct</strong></span> <span class='ocrx_word' id='word_1_17' title='bbox 135 632 241 692; x_wconf 79' lang='lat' dir='ltr'><strong>Rectoc·</strong></span> <span class='ocrx_word' id='word_1_18' title='bbox 256 631 347 692; x_wconf 75' lang='lat' dir='ltr'><strong>Otoai</strong></span> <span class='ocrx_word' id='word_1_19' title='bbox 360 631 486 709; x_wconf 76' lang='lat' dir='ltr'><strong>incipiat</strong></span> <span class='ocrx_word' id='word_1_20' title='bbox 507 632 640 692; x_wconf 83' lang='lat' dir='ltr'><strong>Sanctus.</strong></span> 
     </span>
    </p>

    <p class='ocr_par' dir='ltr' id='par_1_3' title="bbox 74 723 1305 1125">
     <span class='ocr_line' id='line_1_4' title="bbox 157 723 1304 802; baseline -0.002 -18"><span class='ocrx_word' id='word_1_21' title='bbox 157 724 250 802; x_wconf 78' lang='lat' dir='ltr'><strong>Infra</strong></span> <span class='ocrx_word' id='word_1_22' title='bbox 272 723 429 784; x_wconf 73' lang='lat' dir='ltr'><em>Actionem.</em></span> <span class='ocrx_word' id='word_1_23' title='bbox 473 723 731 782; x_wconf 64' lang='lat' dir='ltr'><strong>communicantes</strong></span> <span class='ocrx_word' id='word_1_24' title='bbox 744 729 776 783; x_wconf 87' lang='lat' dir='ltr'><strong>et</strong></span> <span class='ocrx_word' id='word_1_25' title='bbox 795 729 913 783; x_wconf 87' lang='lat' dir='ltr'><strong>noctem</strong></span> <span class='ocrx_word' id='word_1_26' title='bbox 933 724 1168 783; x_wconf 76' lang='lat' dir='ltr'><strong>sacratissimam.</strong></span> <span class='ocrx_word' id='word_1_27' title='bbox 1212 723 1304 782; x_wconf 89' lang='lat' dir='ltr'><strong>Hanc</strong></span> 
     </span>
     <span class='ocr_line' id='line_1_5' title="bbox 74 803 1305 884; baseline -0.002 -19"><span class='ocrx_word' id='word_1_28' title='bbox 74 804 200 884; x_wconf 72' lang='lat' dir='ltr'><strong>igitur,</strong></span> <span class='ocrx_word' id='word_1_29' title='bbox 223 813 249 865; x_wconf 87' lang='lat' dir='ltr'><strong>ct</strong></span> <span class='ocrx_word' id='word_1_30' title='bbox 271 814 367 864; x_wconf 83' lang='lat' dir='ltr'><strong>cetera</strong></span> <span class='ocrx_word' id='word_1_31' title='bbox 409 805 496 864; x_wconf 85' lang='lat' dir='ltr'><strong>Dicto</strong></span> <span class='ocrx_word' id='word_1_32' title='bbox 520 813 617 863; x_wconf 81' lang='lat' dir='ltr'><strong>autem</strong></span> <span class='ocrx_word' id='word_1_33' title='bbox 640 805 700 864; x_wconf 87' lang='lat' dir='ltr'><strong>Per</strong></span> <span class='ocrx_word' id='word_1_34' title='bbox 726 805 826 863; x_wconf 88' lang='lat' dir='ltr'><strong>omnia</strong></span> <span class='ocrx_word' id='word_1_35' title='bbox 853 806 959 863; x_wconf 87' lang='lat' dir='ltr'><strong>saecula</strong></span> <span class='ocrx_word' id='word_1_36' title='bbox 982 805 1164 879; x_wconf 84' lang='lat' dir='ltr'><strong>saeculorum,</strong></span> <span class='ocrx_word' id='word_1_37' title='bbox 1191 803 1305 864; x_wconf 69' lang='lat' dir='ltr'><strong>atam</strong></span> 
     </span>
     <span class='ocr_line' id='line_1_6' title="bbox 91 885 1305 964; baseline -0.002 -19"><span class='ocrx_word' id='word_1_38' title='bbox 91 886 267 964; x_wconf 73' lang='lat' dir='ltr'><strong>wapoaadeat</strong></span> <span class='ocrx_word' id='word_1_39' title='bbox 290 887 398 946; x_wconf 84' lang='lat' dir='ltr'><strong>Amen.</strong></span> <span class='ocrx_word' id='word_1_40' title='bbox 441 886 587 945; x_wconf 77' lang='lat' dir='ltr'><strong>Sacerdos.</strong></span> <span class='ocrx_word' id='word_1_41' title='bbox 630 887 778 944; x_wconf 87' lang='lat' dir='ltr'><strong>Dominus</strong></span> <span class='ocrx_word' id='word_1_42' title='bbox 799 887 958 945; x_wconf 87' lang='lat' dir='ltr'><strong>vobiscum.</strong></span> <span class='ocrx_word' id='word_1_43' title='bbox 1007 885 1128 945; x_wconf 73' lang='lat' dir='ltr'><strong>Chorus.</strong></span> <span class='ocrx_word' id='word_1_44' title='bbox 1172 886 1213 944; x_wconf 86' lang='lat' dir='ltr'><strong>Et</strong></span> <span class='ocrx_word' id='word_1_45' title='bbox 1236 906 1305 944; x_wconf 90' lang='lat' dir='ltr'><strong>cum</strong></span> 
     </span>
     <span class='ocr_line' id='line_1_7' title="bbox 91 966 1304 1046; baseline 0 -20"><span class='ocrx_word' id='word_1_46' title='bbox 91 969 207 1046; x_wconf 90' lang='lat' dir='ltr'><strong>spiritu</strong></span> <span class='ocrx_word' id='word_1_47' title='bbox 227 973 288 1026; x_wconf 92' lang='lat' dir='ltr'><strong>tuo.</strong></span> <span class='ocrx_word' id='word_1_48' title='bbox 339 967 410 1026; x_wconf 86' lang='lat' dir='ltr'><strong>Noa</strong></span> <span class='ocrx_word' id='word_1_49' title='bbox 432 967 550 1026; x_wconf 71' lang='lat' dir='ltr'><strong>dicatae</strong></span> <span class='ocrx_word' id='word_1_50' title='bbox 572 968 680 1044; x_wconf 87' lang='lat' dir='ltr'><strong>Agnus</strong></span> <span class='ocrx_word' id='word_1_51' title='bbox 702 967 770 1039; x_wconf 89' lang='lat' dir='ltr'><strong>Dei,</strong></span> <span class='ocrx_word' id='word_1_52' title='bbox 788 987 839 1025; x_wconf 83' lang='lat' dir='ltr'><strong>aec</strong></span> <span class='ocrx_word' id='word_1_53' title='bbox 858 988 922 1043; x_wconf 81' lang='lat' dir='ltr'><strong>pac</strong></span> <span class='ocrx_word' id='word_1_54' title='bbox 945 966 1036 1025; x_wconf 78' lang='lat' dir='ltr'><strong>datar.</strong></span> <span class='ocrx_word' id='word_1_55' title='bbox 1087 966 1146 1026; x_wconf 82' lang='lat' dir='ltr'><strong>Sed</strong></span> <span class='ocrx_word' id='word_1_56' title='bbox 1172 966 1304 1043; x_wconf 81' lang='lat' dir='ltr'><strong>compicto</strong></span> 
     </span>
     <span class='ocr_line' id='line_1_8' title="bbox 90 1046 1304 1125; baseline -0.003 -16"><span class='ocrx_word' id='word_1_57' title='bbox 90 1048 285 1109; x_wconf 60' lang='lat' dir='ltr'><strong>&amp;annom</strong></span> <span class='ocrx_word' id='word_1_58' title='bbox 299 1057 324 1106; x_wconf 86' lang='lat' dir='ltr'><strong>ct</strong></span> <span class='ocrx_word' id='word_1_59' title='bbox 337 1048 556 1107; x_wconf 80' lang='lat' dir='ltr'><strong>coaaaaaicatia</strong></span> <span class='ocrx_word' id='word_1_60' title='bbox 568 1047 728 1125; x_wconf 65' lang='lat' dir='ltr'><strong>majoritas</strong></span> <span class='ocrx_word' id='word_1_61' title='bbox 741 1046 1012 1120; x_wconf 77' lang='lat' dir='ltr'><strong>Eccleaiae,&#39;0aator</strong></span> <span class='ocrx_word' id='word_1_62' title='bbox 1027 1048 1152 1124; x_wconf 77' lang='lat' dir='ltr'><strong>incipiat</strong></span> <span class='ocrx_word' id='word_1_63' title='bbox 1171 1047 1304 1123; x_wconf 69' lang='lat' dir='ltr'><strong>Vesper-aa</strong></span> 
     </span>
    </p>
   </div>
   <div class='ocr_carea' id='block_1_3' title="bbox 91 1128 1304 1271">
    <p class='ocr_par' dir='ltr' id='par_1_4' title="bbox 91 1128 1304 1271">
     <span class='ocr_line' id='line_1_9' title="bbox 91 1128 1304 1207; baseline -0.003 -18"><span class='ocrx_word' id='word_1_64' title='bbox 91 1129 149 1189; x_wconf 73' lang='lat' dir='ltr'><strong>icoc</strong></span> <span class='ocrx_word' id='word_1_65' title='bbox 182 1131 275 1188; x_wconf 81' lang='lat' dir='ltr'><strong>awdo.</strong></span> <span class='ocrx_word' id='word_1_66' title='bbox 332 1129 484 1206; x_wconf 89' lang='lat' dir='ltr'>Alleluya,</span> <span class='ocrx_word' id='word_1_67' title='bbox 518 1129 654 1207; x_wconf 82' lang='lat' dir='ltr'>alleluya,</span> <span class='ocrx_word' id='word_1_68' title='bbox 690 1129 825 1206; x_wconf 90' lang='lat' dir='ltr'><strong>alleluya,</strong></span> <span class='ocrx_word' id='word_1_69' title='bbox 860 1128 996 1206; x_wconf 82' lang='lat' dir='ltr'>alleluya.</span> <span class='ocrx_word' id='word_1_70' title='bbox 1069 1129 1118 1189; x_wconf 84' lang='lat' dir='ltr'><strong>Pa.</strong></span> <span class='ocrx_word' id='word_1_71' title='bbox 1170 1128 1304 1186; x_wconf 87' lang='lat' dir='ltr'><strong>Laudate</strong></span> 
     </span>
     <span class='ocr_line' id='line_1_10' title="bbox 93 1211 387 1271; baseline 0.01 -3"><span class='ocrx_word' id='word_1_72' title='bbox 93 1211 265 1269; x_wconf 86' lang='lat' dir='ltr'><strong>Dominum</strong></span> <span class='ocrx_word' id='word_1_73' title='bbox 278 1230 387 1271; x_wconf 87' lang='lat' dir='ltr'><strong>omnes.</strong></span> 
     </span>
    </p>
   </div>
   <div class='ocr_carea' id='block_1_4' title="bbox 85 1312 1306 2295">
    <p class='ocr_par' dir='ltr' id='par_1_5' title="bbox 85 1312 1306 2039">
     <span class='ocr_line' id='line_1_11' title="bbox 159 1312 1306 1395; baseline -0.003 -20"><span class='ocrx_word' id='word_1_74' title='bbox 159 1316 351 1378; x_wconf 72' lang='lat' dir='ltr'><strong>adt-Posi</strong></span> <span class='ocrx_word' id='word_1_75' title='bbox 366 1316 521 1375; x_wconf 75' lang='lat' dir='ltr'><strong>Paaiauuac</strong></span> <span class='ocrx_word' id='word_1_76' title='bbox 541 1324 601 1374; x_wconf 88' lang='lat' dir='ltr'><strong>tota</strong></span> <span class='ocrx_word' id='word_1_77' title='bbox 621 1314 687 1374; x_wconf 72' lang='lat' dir='ltr'><strong>caci</strong></span> <span class='ocrx_word' id='word_1_78' title='bbox 769 1312 1306 1395; x_wconf 68' lang='lat' dir='ltr'><strong>[Mss.0.tD.-Poa01&gt;tacoaos</strong></span> 
     </span>
     <span class='ocr_line' id='line_1_12' title="bbox 94 1393 1305 1476; baseline -0.002 -19"><span class='ocrx_word' id='word_1_79' title='bbox 94 1407 176 1457; x_wconf 78' lang='lat' dir='ltr'><strong>tatur</strong></span> <span class='ocrx_word' id='word_1_80' title='bbox 183 1397 355 1476; x_wconf 77' lang='lat' dir='ltr'><strong>Aatiptoaa</strong></span> <span class='ocrx_word' id='word_1_81' title='bbox 364 1398 594 1473; x_wconf 83' lang='lat' dir='ltr'><strong>aiaepaeamata</strong></span> <span class='ocrx_word' id='word_1_82' title='bbox 620 1397 687 1468; x_wconf 78' lang='lat' dir='ltr'><strong>Qua</strong></span> <span class='ocrx_word' id='word_1_83' title='bbox 726 1396 850 1474; x_wconf 69' lang='lat' dir='ltr'><strong>incipiat</strong></span> <span class='ocrx_word' id='word_1_84' title='bbox 863 1394 1064 1472; x_wconf 76' lang='lat' dir='ltr'><strong>Aataptoaam</strong></span> <span class='ocrx_word' id='word_1_85' title='bbox 1077 1396 1111 1454; x_wconf 87' lang='lat' dir='ltr'><strong>ia</strong></span> <span class='ocrx_word' id='word_1_86' title='bbox 1124 1393 1305 1476; x_wconf 56' lang='lat' dir='ltr'><strong>mapalia]</strong></span> 
     </span>
     <span class='ocr_line' id='line_1_13' title="bbox 85 1477 688 1554; baseline -0.002 -17"><span class='ocrx_word' id='word_1_87' title='bbox 85 1479 187 1554; x_wconf 77' lang='lat' dir='ltr'><strong>finita</strong></span> <span class='ocrx_word' id='word_1_88' title='bbox 195 1477 688 1553; x_wconf 74' lang='lat' dir='ltr'><strong>DiacaaaaqailcqitEaaapcliaac</strong></span> 
     </span>
     <span class='ocr_line' id='line_1_14' title="bbox 93 1556 682 1636; baseline 0 -20"><span class='ocrx_word' id='word_1_89' title='bbox 93 1559 224 1636; x_wconf 71' lang='lat' dir='ltr'><strong>incipiat</strong></span> <span class='ocrx_word' id='word_1_90' title='bbox 250 1560 284 1617; x_wconf 83' lang='lat' dir='ltr'><strong>ia</strong></span> <span class='ocrx_word' id='word_1_91' title='bbox 302 1558 461 1635; x_wconf 76' lang='lat' dir='ltr'><strong>anaqclio</strong></span> <span class='ocrx_word' id='word_1_92' title='bbox 480 1556 682 1634; x_wconf 80' lang='lat' dir='ltr'><strong>Antiplaoaaaa</strong></span> 
     </span>
     <span class='ocr_line' id='line_1_15' title="bbox 95 1637 683 1717; baseline 0 -19"><span class='ocrx_word' id='word_1_93' title='bbox 95 1639 233 1717; x_wconf 85' lang='lat' dir='ltr'><strong>Vespere</strong></span> <span class='ocrx_word' id='word_1_94' title='bbox 259 1644 365 1698; x_wconf 87' lang='lat' dir='ltr'><strong>autom</strong></span> <span class='ocrx_word' id='word_1_95' title='bbox 416 1637 588 1716; x_wconf 80' lang='lat' dir='ltr'><strong>Aatiptoaa</strong></span> <span class='ocrx_word' id='word_1_96' title='bbox 618 1658 683 1698; x_wconf 85' lang='lat' dir='ltr'><strong>caro</strong></span> 
     </span>
     <span class='ocr_line' id='line_1_16' title="bbox 96 1720 683 1798; baseline -0.002 -19"><span class='ocrx_word' id='word_1_97' title='bbox 96 1729 167 1780; x_wconf 79' lang='lat' dir='ltr'><strong>autc</strong></span> <span class='ocrx_word' id='word_1_98' title='bbox 193 1721 243 1779; x_wconf 85' lang='lat' dir='ltr'><strong>Pa</strong></span> <span class='ocrx_word' id='word_1_99' title='bbox 275 1720 449 1798; x_wconf 85' lang='lat' dir='ltr'><strong>Magnificat</strong></span> <span class='ocrx_word' id='word_1_100' title='bbox 475 1740 535 1778; x_wconf 81' lang='lat' dir='ltr'><strong>noa</strong></span> <span class='ocrx_word' id='word_1_101' title='bbox 561 1740 683 1795; x_wconf 73' lang='lat' dir='ltr'><strong>percara</strong></span> 
     </span>
     <span class='ocr_line' id='line_1_17' title="bbox 98 1799 684 1876; baseline -0.003 -16"><span class='ocrx_word' id='word_1_102' title='bbox 98 1809 187 1874; x_wconf 70' lang='lat' dir='ltr'><strong>tatia,</strong></span> <span class='ocrx_word' id='word_1_103' title='bbox 204 1801 268 1860; x_wconf 85' lang='lat' dir='ltr'><strong>iicet</strong></span> <span class='ocrx_word' id='word_1_104' title='bbox 280 1801 400 1860; x_wconf 78' lang='lat' dir='ltr'><strong>Festum</strong></span> <span class='ocrx_word' id='word_1_105' title='bbox 419 1802 458 1860; x_wconf 86' lang='lat' dir='ltr'><strong>sit</strong></span> <span class='ocrx_word' id='word_1_106' title='bbox 475 1799 614 1876; x_wconf 74' lang='lat' dir='ltr'><strong>Dapleac,⁸</strong></span> <span class='ocrx_word' id='word_1_107' title='bbox 634 1802 684 1859; x_wconf 84' lang='lat' dir='ltr'><strong>aaut</strong></span> 
     </span>
     <span class='ocr_line' id='line_1_18' title="bbox 95 1879 683 1959; baseline -0.003 -19"><span class='ocrx_word' id='word_1_108' title='bbox 95 1891 162 1959; x_wconf 85' lang='lat' dir='ltr'><strong>post</strong></span> <span class='ocrx_word' id='word_1_109' title='bbox 188 1881 343 1941; x_wconf 82' lang='lat' dir='ltr'><strong>Paalacam</strong></span> <span class='ocrx_word' id='word_1_110' title='bbox 373 1891 566 1958; x_wconf 77' lang='lat' dir='ltr'><strong>percantatur</strong></span> <span class='ocrx_word' id='word_1_111' title='bbox 599 1879 683 1939; x_wconf 80' lang='lat' dir='ltr'><strong>Anti-</strong></span> 
     </span>
     <span class='ocr_line' id='line_1_19' title="bbox 97 1962 446 2039; baseline -0.006 -17"><span class='ocrx_word' id='word_1_112' title='bbox 97 1962 197 2039; x_wconf 81' lang='lat' dir='ltr'><strong>piama</strong></span> <span class='ocrx_word' id='word_1_113' title='bbox 210 1963 273 2022; x_wconf 84' lang='lat' dir='ltr'><strong>aiae</strong></span> <span class='ocrx_word' id='word_1_114' title='bbox 280 1972 446 2039; x_wconf 73' lang='lat' dir='ltr'><strong>praeamata.</strong></span> 
     </span>
    </p>

    <p class='ocr_par' dir='ltr' id='par_1_6' title="bbox 159 2053 336 2132">
     <span class='ocr_line' id='line_1_20' title="bbox 159 2053 336 2132; baseline 0.011 -20"><span class='ocrx_word' id='word_1_115' title='bbox 159 2053 336 2132; x_wconf 72' lang='lat' dir='ltr'><strong>Aatiyoioaa.</strong></span> 
     </span>
    </p>

    <p class='ocr_par' dir='ltr' id='par_1_7' title="bbox 102 2133 1305 2295">
     <span class='ocr_line' id='line_1_21' title="bbox 158 2133 1305 2213; baseline 0 -19"><span class='ocrx_word' id='word_1_116' title='bbox 158 2135 292 2213; x_wconf 85' lang='lat' dir='ltr'><strong>Vespere</strong></span> <span class='ocrx_word' id='word_1_117' title='bbox 305 2141 406 2194; x_wconf 90' lang='lat' dir='ltr'><strong>autem</strong></span> <span class='ocrx_word' id='word_1_118' title='bbox 427 2135 542 2194; x_wconf 91' lang='lat' dir='ltr'><strong>sabbati</strong></span> <span class='ocrx_word' id='word_1_119' title='bbox 558 2154 624 2211; x_wconf 88' lang='lat' dir='ltr'><strong>quae</strong></span> <span class='ocrx_word' id='word_1_120' title='bbox 639 2134 761 2193; x_wconf 89' lang='lat' dir='ltr'><strong>lucescit</strong></span> <span class='ocrx_word' id='word_1_121' title='bbox 782 2134 816 2191; x_wconf 90' lang='lat' dir='ltr'><strong>in</strong></span> <span class='ocrx_word' id='word_1_122' title='bbox 838 2135 936 2211; x_wconf 90' lang='lat' dir='ltr'><strong>prima</strong></span> <span class='ocrx_word' id='word_1_123' title='bbox 957 2134 1079 2207; x_wconf 89' lang='lat' dir='ltr'><strong>sabbati,</strong></span> <span class='ocrx_word' id='word_1_124' title='bbox 1101 2133 1186 2194; x_wconf 87' lang='lat' dir='ltr'><strong>venit</strong></span> <span class='ocrx_word' id='word_1_125' title='bbox 1206 2135 1305 2194; x_wconf 92' lang='lat' dir='ltr'><strong>Maria</strong></span> 
     </span>
     <span class='ocr_line' id='line_1_22' title="bbox 102 2215 1040 2295; baseline -0.001 -20"><span class='ocrx_word' id='word_1_126' title='bbox 102 2215 276 2295; x_wconf 83' lang='lat' dir='ltr'><strong>Magdalene</strong></span> <span class='ocrx_word' id='word_1_127' title='bbox 289 2217 427 2274; x_wconf 87' lang='lat' dir='ltr'><strong>etaltera</strong></span> <span class='ocrx_word' id='word_1_128' title='bbox 441 2216 540 2274; x_wconf 91' lang='lat' dir='ltr'><strong>Maria</strong></span> <span class='ocrx_word' id='word_1_129' title='bbox 552 2216 653 2274; x_wconf 85' lang='lat' dir='ltr'><strong>videre</strong></span> <span class='ocrx_word' id='word_1_130' title='bbox 672 2216 847 2293; x_wconf 87' lang='lat' dir='ltr'><strong>sepulcrum.</strong></span> <span class='ocrx_word' id='word_1_131' title='bbox 889 2216 1040 2293; x_wconf 89' lang='lat' dir='ltr'>Alleluya.</span> 
     </span>
    </p>
   </div>
   <div class='ocr_carea' id='block_1_5' title="bbox 159 2308 532 2385">
    <p class='ocr_par' dir='ltr' id='par_1_8' title="bbox 159 2308 532 2385">
     <span class='ocr_line' id='line_1_23' title="bbox 159 2308 532 2385; baseline -0.005 -17"><span class='ocrx_word' id='word_1_132' title='bbox 159 2309 306 2368; x_wconf 71' lang='lat' dir='ltr'><strong>Pactam.</strong></span> <span class='ocrx_word' id='word_1_133' title='bbox 349 2308 532 2385; x_wconf 87' lang='lat' dir='ltr'><strong>Magnificat.</strong></span> 
     </span>
    </p>
   </div>
   <div class='ocr_carea' id='block_1_6' title="bbox 157 2400 670 2462">
    <p class='ocr_par' dir='ltr' id='par_1_9' title="bbox 157 2400 670 2462">
     <span class='ocr_line' id='line_1_24' title="bbox 157 2400 670 2462; baseline -0.006 0"><span class='ocrx_word' id='word_1_134' title='bbox 157 2400 304 2462; x_wconf 76' lang='lat' dir='ltr'><strong>Sacerdos.</strong></span> <span class='ocrx_word' id='word_1_135' title='bbox 347 2402 496 2460; x_wconf 89' lang='lat' dir='ltr'><strong>Dominus</strong></span> <span class='ocrx_word' id='word_1_136' title='bbox 509 2401 670 2460; x_wconf 88' lang='lat' dir='ltr'><strong>vobiscum.</strong></span> 
     </span>
    </p>
   </div>
   <div class='ocr_carea' id='block_1_7' title="bbox 101 2494 1308 2876">
    <p class='ocr_par' dir='ltr' id='par_1_10' title="bbox 161 2494 271 2554">
     <span class='ocr_line' id='line_1_25' title="bbox 161 2494 271 2554; baseline -0.018 0"><span class='ocrx_word' id='word_1_137' title='bbox 161 2494 271 2554; x_wconf 81' lang='lat' dir='ltr'><strong>Oratio.</strong></span> 
     </span>
    </p>

    <p class='ocr_par' dir='ltr' id='par_1_11' title="bbox 101 2573 1308 2814">
     <span class='ocr_line' id='line_1_26' title="bbox 161 2573 1308 2653; baseline 0.002 -20"><span class='ocrx_word' id='word_1_138' title='bbox 161 2575 308 2653; x_wconf 82' lang='lat' dir='ltr'><strong>Spiritum</strong></span> <span class='ocrx_word' id='word_1_139' title='bbox 320 2575 414 2648; x_wconf 91' lang='lat' dir='ltr'><strong>nobis,</strong></span> <span class='ocrx_word' id='word_1_140' title='bbox 430 2575 568 2649; x_wconf 89' lang='lat' dir='ltr'><strong>Domine,</strong></span> <span class='ocrx_word' id='word_1_141' title='bbox 583 2581 643 2633; x_wconf 88' lang='lat' dir='ltr'><strong>tuae</strong></span> <span class='ocrx_word' id='word_1_142' title='bbox 657 2575 791 2634; x_wconf 88' lang='lat' dir='ltr'><strong>caritatis</strong></span> <span class='ocrx_word' id='word_1_143' title='bbox 804 2573 948 2648; x_wconf 72' lang='lat' dir='ltr'><strong>infunde,</strong></span> <span class='ocrx_word' id='word_1_144' title='bbox 968 2582 1003 2633; x_wconf 92' lang='lat' dir='ltr'><strong>ut</strong></span> <span class='ocrx_word' id='word_1_145' title='bbox 1024 2595 1098 2652; x_wconf 90' lang='lat' dir='ltr'><strong>quos</strong></span> <span class='ocrx_word' id='word_1_146' title='bbox 1118 2577 1308 2635; x_wconf 77' lang='lat' dir='ltr'><strong>sacramentis</strong></span> 
     </span>
     <span class='ocr_line' id='line_1_27' title="bbox 102 2655 1305 2732; baseline 0 -17"><span class='ocrx_word' id='word_1_147' title='bbox 102 2656 292 2715; x_wconf 88' lang='lat' dir='ltr'><strong>Paschalibus</strong></span> <span class='ocrx_word' id='word_1_148' title='bbox 322 2655 446 2729; x_wconf 81' lang='lat' dir='ltr'><strong>satiasti,</strong></span> <span class='ocrx_word' id='word_1_149' title='bbox 475 2662 529 2714; x_wconf 90' lang='lat' dir='ltr'><strong>tua</strong></span> <span class='ocrx_word' id='word_1_150' title='bbox 561 2657 651 2714; x_wconf 86' lang='lat' dir='ltr'><strong>facias</strong></span> <span class='ocrx_word' id='word_1_151' title='bbox 684 2655 796 2732; x_wconf 89' lang='lat' dir='ltr'><strong>pietate</strong></span> <span class='ocrx_word' id='word_1_152' title='bbox 830 2656 994 2714; x_wconf 87' lang='lat' dir='ltr'><strong>concordes.</strong></span> <span class='ocrx_word' id='word_1_153' title='bbox 1052 2656 1110 2715; x_wconf 87' lang='lat' dir='ltr'><strong>Per</strong></span> <span class='ocrx_word' id='word_1_154' title='bbox 1141 2657 1305 2716; x_wconf 89' lang='lat' dir='ltr'><strong>Dominum</strong></span> 
     </span>
     <span class='ocr_line' id='line_1_28' title="bbox 101 2737 607 2814; baseline 0.002 -19"><span class='ocrx_word' id='word_1_155' title='bbox 101 2743 243 2797; x_wconf 78' lang='lat' dir='ltr'><strong>nostruin</strong></span> <span class='ocrx_word' id='word_1_156' title='bbox 286 2737 326 2796; x_wconf 92' lang='lat' dir='ltr'><strong>In</strong></span> <span class='ocrx_word' id='word_1_157' title='bbox 339 2737 455 2795; x_wconf 88' lang='lat' dir='ltr'><strong>unitate</strong></span> <span class='ocrx_word' id='word_1_158' title='bbox 469 2737 607 2814; x_wconf 87' lang='lat' dir='ltr'><strong>ejusdem.</strong></span> 
     </span>
    </p>

    <p class='ocr_par' dir='ltr' id='par_1_12' title="bbox 161 2818 482 2876">
     <span class='ocr_line' id='line_1_29' title="bbox 161 2818 482 2876; baseline -0.003 0"><span class='ocrx_word' id='word_1_159' title='bbox 161 2818 310 2876; x_wconf 87' lang='lat' dir='ltr'><strong>Dominus</strong></span> <span class='ocrx_word' id='word_1_160' title='bbox 323 2818 482 2876; x_wconf 88' lang='lat' dir='ltr'><strong>vobiscum.</strong></span> 
     </span>
    </p>
   </div>
   <div class='ocr_carea' id='block_1_8' title="bbox 159 2897 820 2975">
    <p class='ocr_par' dir='ltr' id='par_1_13' title="bbox 159 2897 820 2975">
     <span class='ocr_line' id='line_1_30' title="bbox 159 2897 820 2975; baseline -0.003 -17"><span class='ocrx_word' id='word_1_161' title='bbox 159 2899 319 2958; x_wconf 76' lang='lat' dir='ltr'><strong>Diaooriaa</strong></span> <span class='ocrx_word' id='word_1_162' title='bbox 362 2899 410 2956; x_wconf 88' lang='lat' dir='ltr'><strong>Ite</strong></span> <span class='ocrx_word' id='word_1_163' title='bbox 424 2899 513 2956; x_wconf 89' lang='lat' dir='ltr'><strong>missa</strong></span> <span class='ocrx_word' id='word_1_164' title='bbox 526 2904 578 2956; x_wconf 90' lang='lat' dir='ltr'><strong>est.</strong></span> <span class='ocrx_word' id='word_1_165' title='bbox 622 2897 687 2956; x_wconf 90' lang='lat' dir='ltr'><strong>Deo</strong></span> <span class='ocrx_word' id='word_1_166' title='bbox 701 2897 820 2975; x_wconf 85' lang='lat' dir='ltr'><strong>gratias.</strong></span> 
     </span>
    </p>
   </div>
   <div class='ocr_carea' id='block_1_9' title="bbox 488 3166 917 3226">
    <p class='ocr_par' dir='ltr' id='par_1_14' title="bbox 488 3166 917 3226">
     <span class='ocr_line' id='line_1_31' title="bbox 488 3166 917 3226; baseline 0 -2"><span class='ocrx_word' id='word_1_167' title='bbox 488 3167 528 3224; x_wconf 83' lang='lat' dir='ltr'><strong>Iu</strong></span> <span class='ocrx_word' id='word_1_168' title='bbox 548 3166 613 3225; x_wconf 82' lang='lat' dir='ltr'><strong>Dra</strong></span> <span class='ocrx_word' id='word_1_169' title='bbox 634 3167 755 3226; x_wconf 74' lang='lat' dir='ltr'><strong>Sanora</strong></span> <span class='ocrx_word' id='word_1_170' title='bbox 776 3166 917 3225; x_wconf 76' lang='lat' dir='ltr'><strong>Pascua.</strong></span> 
     </span>
    </p>
   </div>
   <div class='ocr_carea' id='block_1_10' title="bbox 99 3319 1304 3565">
    <p class='ocr_par' dir='ltr' id='par_1_15' title="bbox 99 3319 1304 3565">
     <span class='ocr_line' id='line_1_32' title="bbox 158 3319 1304 3482; baseline 0.006 -22"><span class='ocrx_word' id='word_1_171' title='bbox 158 3319 323 3460; x_wconf 38' lang='lat' dir='ltr'><strong>&amp;alstigni</strong></span> <span class='ocrx_word' id='word_1_172' title='bbox 337 3409 367 3461; x_wconf 90' lang='lat' dir='ltr'><strong>et</strong></span> <span class='ocrx_word' id='word_1_173' title='bbox 380 3402 476 3461; x_wconf 89' lang='lat' dir='ltr'><strong>adhuc</strong></span> <span class='ocrx_word' id='word_1_174' title='bbox 490 3408 588 3462; x_wconf 88' lang='lat' dir='ltr'><strong>tecum</strong></span> <span class='ocrx_word' id='word_1_175' title='bbox 607 3423 683 3477; x_wconf 90' lang='lat' dir='ltr'><strong>sum,</strong></span> <span class='ocrx_word' id='word_1_176' title='bbox 698 3404 844 3481; x_wconf 80' lang='lat' dir='ltr'>alleluya:</span> <span class='ocrx_word' id='word_1_177' title='bbox 864 3404 990 3482; x_wconf 85' lang='lat' dir='ltr'><strong>posuisti</strong></span> <span class='ocrx_word' id='word_1_178' title='bbox 1007 3425 1095 3482; x_wconf 88' lang='lat' dir='ltr'><strong>super</strong></span> <span class='ocrx_word' id='word_1_179' title='bbox 1114 3425 1162 3464; x_wconf 89' lang='lat' dir='ltr'><strong>me</strong></span> <span class='ocrx_word' id='word_1_180' title='bbox 1181 3426 1304 3467; x_wconf 90' lang='lat' dir='ltr'><strong>manum</strong></span> 
     </span>
     <span class='ocr_line' id='line_1_33' title="bbox 99 3483 1181 3565; baseline 0.005 -25"><span class='ocrx_word' id='word_1_181' title='bbox 99 3488 191 3556; x_wconf 70' lang='lat' dir='ltr'><strong>mam,</strong></span> <span class='ocrx_word' id='word_1_182' title='bbox 207 3483 352 3560; x_wconf 87' lang='lat' dir='ltr'>alleluya:</span> <span class='ocrx_word' id='word_1_183' title='bbox 373 3484 518 3542; x_wconf 88' lang='lat' dir='ltr'><strong>mirabilis</strong></span> <span class='ocrx_word' id='word_1_184' title='bbox 531 3484 609 3543; x_wconf 86' lang='lat' dir='ltr'><strong>facta</strong></span> <span class='ocrx_word' id='word_1_185' title='bbox 622 3491 668 3543; x_wconf 87' lang='lat' dir='ltr'><strong>est</strong></span> <span class='ocrx_word' id='word_1_186' title='bbox 681 3485 806 3544; x_wconf 88' lang='lat' dir='ltr'><strong>scientia</strong></span> <span class='ocrx_word' id='word_1_187' title='bbox 818 3493 880 3557; x_wconf 88' lang='lat' dir='ltr'><strong>tua,</strong></span> <span class='ocrx_word' id='word_1_188' title='bbox 894 3486 1030 3563; x_wconf 84' lang='lat' dir='ltr'>alleluya,</span> <span class='ocrx_word' id='word_1_189' title='bbox 1045 3487 1181 3565; x_wconf 90' lang='lat' dir='ltr'>alleluya.</span> 
     </span>
    </p>
   </div>
   <div class='ocr_carea' id='block_1_11' title="bbox 157 3575 305 3634">
    <p class='ocr_par' dir='ltr' id='par_1_16' title="bbox 157 3575 305 3634">
     <span class='ocr_line' id='line_1_34' title="bbox 157 3575 305 3634; baseline 0.014 -1"><span class='ocrx_word' id='word_1_190' title='bbox 157 3575 305 3634; x_wconf 72' lang='lat' dir='ltr'><strong>Pauliana</strong></span> 
     </span>
    </p>
   </div>
   <div class='ocr_carea' id='block_1_12' title="bbox 100 3655 1303 3798">
    <p class='ocr_par' dir='ltr' id='par_1_17' title="bbox 100 3655 1303 3798">
     <span class='ocr_line' id='line_1_35' title="bbox 158 3655 1303 3740; baseline 0.008 -27"><span class='ocrx_word' id='word_1_191' title='bbox 158 3655 297 3731; x_wconf 86' lang='lat' dir='ltr'><strong>Domine,</strong></span> <span class='ocrx_word' id='word_1_192' title='bbox 322 3657 454 3734; x_wconf 84' lang='lat' dir='ltr'><strong>probasti</strong></span> <span class='ocrx_word' id='word_1_193' title='bbox 476 3678 523 3716; x_wconf 88' lang='lat' dir='ltr'><strong>me</strong></span> <span class='ocrx_word' id='word_1_194' title='bbox 547 3663 579 3716; x_wconf 85' lang='lat' dir='ltr'><strong>et</strong></span> <span class='ocrx_word' id='word_1_195' title='bbox 605 3659 769 3736; x_wconf 80' lang='lat' dir='ltr'><strong>cognovisti</strong></span> <span class='ocrx_word' id='word_1_196' title='bbox 795 3680 861 3719; x_wconf 89' lang='lat' dir='ltr'><strong>me:</strong></span> <span class='ocrx_word' id='word_1_197' title='bbox 892 3667 927 3718; x_wconf 91' lang='lat' dir='ltr'><strong>tu</strong></span> <span class='ocrx_word' id='word_1_198' title='bbox 953 3655 1117 3740; x_wconf 68' lang='lat' dir='ltr'><strong>cognouisti</strong></span> <span class='ocrx_word' id='word_1_199' title='bbox 1146 3663 1303 3724; x_wconf 85' lang='lat' dir='ltr'><strong>sessionem</strong></span> 
     </span>
     <span class='ocr_line' id='line_1_36' title="bbox 100 3739 612 3798; baseline 0.006 -3"><span class='ocrx_word' id='word_1_200' title='bbox 100 3754 195 3795; x_wconf 84' lang='lat' dir='ltr'><strong>meam</strong></span> <span class='ocrx_word' id='word_1_201' title='bbox 208 3743 239 3795; x_wconf 92' lang='lat' dir='ltr'><strong>et</strong></span> <span class='ocrx_word' id='word_1_202' title='bbox 251 3739 495 3797; x_wconf 81' lang='lat' dir='ltr'><strong>resmrectionem</strong></span> <span class='ocrx_word' id='word_1_203' title='bbox 508 3759 612 3798; x_wconf 89' lang='lat' dir='ltr'><strong>meam.</strong></span> 
     </span>
    </p>
   </div>
   <div class='ocr_carea' id='block_1_13' title="bbox 161 3829 270 3889">
    <p class='ocr_par' dir='ltr' id='par_1_18' title="bbox 161 3829 270 3889">
     <span class='ocr_line' id='line_1_37' title="bbox 161 3829 270 3889; baseline -0.009 0"><span class='ocrx_word' id='word_1_204' title='bbox 161 3829 270 3889; x_wconf 84' lang='lat' dir='ltr'><strong>Oratio.</strong></span> 
     </span>
    </p>
   </div>
   <div class='ocr_carea' id='block_1_14' title="bbox 99 3911 1303 4151">
    <p class='ocr_par' dir='ltr' id='par_1_19' title="bbox 99 3911 1303 4151">
     <span class='ocr_line' id='line_1_38' title="bbox 159 3911 1303 3991; baseline 0.007 -23"><span class='ocrx_word' id='word_1_205' title='bbox 159 3911 251 3984; x_wconf 88' lang='lat' dir='ltr'><strong>Deus,</strong></span> <span class='ocrx_word' id='word_1_206' title='bbox 276 3911 329 3988; x_wconf 90' lang='lat' dir='ltr'><strong>qui</strong></span> <span class='ocrx_word' id='word_1_207' title='bbox 353 3911 497 3971; x_wconf 87' lang='lat' dir='ltr'><strong>hodierna</strong></span> <span class='ocrx_word' id='word_1_208' title='bbox 518 3912 566 3970; x_wconf 90' lang='lat' dir='ltr'><strong>die</strong></span> <span class='ocrx_word' id='word_1_209' title='bbox 592 3933 646 3990; x_wconf 87' lang='lat' dir='ltr'><strong>per</strong></span> <span class='ocrx_word' id='word_1_210' title='bbox 673 3913 874 3991; x_wconf 85' lang='lat' dir='ltr'><strong>Unigenitum</strong></span> <span class='ocrx_word' id='word_1_211' title='bbox 901 3920 988 3973; x_wconf 89' lang='lat' dir='ltr'><strong>tuum</strong></span> <span class='ocrx_word' id='word_1_212' title='bbox 1015 3917 1191 3976; x_wconf 85' lang='lat' dir='ltr'><strong>aeternitatis</strong></span> <span class='ocrx_word' id='word_1_213' title='bbox 1218 3919 1303 3976; x_wconf 90' lang='lat' dir='ltr'><strong>nobis</strong></span> 
     </span>
     <span class='ocr_line' id='line_1_39' title="bbox 99 3990 1300 4075; baseline 0.007 -27"><span class='ocrx_word' id='word_1_214' title='bbox 99 3990 222 4065; x_wconf 84' lang='lat' dir='ltr'><strong>aditum,</strong></span> <span class='ocrx_word' id='word_1_215' title='bbox 238 3990 355 4050; x_wconf 86' lang='lat' dir='ltr'><strong>devicta</strong></span> <span class='ocrx_word' id='word_1_216' title='bbox 374 4000 478 4066; x_wconf 87' lang='lat' dir='ltr'><strong>morte,</strong></span> <span class='ocrx_word' id='word_1_217' title='bbox 492 3994 646 4061; x_wconf 81' lang='lat' dir='ltr'><strong>reserasti:</strong></span> <span class='ocrx_word' id='word_1_218' title='bbox 667 4000 737 4052; x_wconf 85' lang='lat' dir='ltr'><strong>vota</strong></span> <span class='ocrx_word' id='word_1_219' title='bbox 758 4001 867 4069; x_wconf 87' lang='lat' dir='ltr'><strong>nostra,</strong></span> <span class='ocrx_word' id='word_1_220' title='bbox 883 4016 948 4074; x_wconf 89' lang='lat' dir='ltr'><strong>quae</strong></span> <span class='ocrx_word' id='word_1_221' title='bbox 961 3998 1168 4072; x_wconf 83' lang='lat' dir='ltr'><strong>praeveniendo</strong></span> <span class='ocrx_word' id='word_1_222' title='bbox 1182 3999 1300 4075; x_wconf 87' lang='lat' dir='ltr'><strong>aspiras,</strong></span> 
     </span>
     <span class='ocr_line' id='line_1_40' title="bbox 99 4071 816 4151; baseline 0.007 -22"><span class='ocrx_word' id='word_1_223' title='bbox 99 4071 189 4130; x_wconf 83' lang='lat' dir='ltr'><strong>etiarn</strong></span> <span class='ocrx_word' id='word_1_224' title='bbox 202 4072 370 4149; x_wconf 87' lang='lat' dir='ltr'><strong>adjuvando</strong></span> <span class='ocrx_word' id='word_1_225' title='bbox 383 4094 566 4151; x_wconf 85' lang='lat' dir='ltr'><strong>prosequere.</strong></span> <span class='ocrx_word' id='word_1_226' title='bbox 609 4075 668 4132; x_wconf 89' lang='lat' dir='ltr'><strong>Per</strong></span> <span class='ocrx_word' id='word_1_227' title='bbox 682 4074 816 4135; x_wconf 89' lang='lat' dir='ltr'><strong>eundem.</strong></span> 
     </span>
    </p>
   </div>
   <div class='ocr_carea' id='block_1_15' title="bbox 158 4164 585 4245">
    <p class='ocr_par' dir='ltr' id='par_1_20' title="bbox 158 4164 585 4245">
     <span class='ocr_line' id='line_1_41' title="bbox 158 4164 585 4245; baseline 0.007 -23"><span class='ocrx_word' id='word_1_228' title='bbox 158 4164 210 4223; x_wconf 76' lang='lat' dir='ltr'><strong>Ad</strong></span> <span class='ocrx_word' id='word_1_229' title='bbox 225 4165 392 4225; x_wconf 73' lang='lat' dir='ltr'><strong>Corinthiis</strong></span> <span class='ocrx_word' id='word_1_230' title='bbox 405 4166 439 4245; x_wconf 88' lang='lat' dir='ltr'><strong>(l</strong></span> <span class='ocrx_word' id='word_1_231' title='bbox 455 4188 480 4225; x_wconf 86' lang='lat' dir='ltr'><strong>a.</strong></span> <span class='ocrx_word' id='word_1_232' title='bbox 497 4167 525 4240; x_wconf 82' lang='lat'><strong>7,</strong></span> <span class='ocrx_word' id='word_1_233' title='bbox 540 4166 585 4244; x_wconf 89' lang='lat'><strong>8).</strong></span> 
     </span>
    </p>
   </div>
   <div class='ocr_carea' id='block_1_16' title="bbox 99 4257 1302 4583">
    <p class='ocr_par' dir='ltr' id='par_1_21' title="bbox 99 4257 1302 4583">
     <span class='ocr_line' id='line_1_42' title="bbox 157 4257 1302 4340; baseline 0.003 -23"><span class='ocrx_word' id='word_1_234' title='bbox 157 4257 296 4318; x_wconf 84' lang='lat' dir='ltr'><strong>Fratres:</strong></span> <span class='ocrx_word' id='word_1_235' title='bbox 317 4259 489 4336; x_wconf 79' lang='lat' dir='ltr'><strong>Expurgate</strong></span> <span class='ocrx_word' id='word_1_236' title='bbox 503 4265 588 4318; x_wconf 88' lang='lat' dir='ltr'><strong>vetus</strong></span> <span class='ocrx_word' id='word_1_237' title='bbox 601 4261 789 4335; x_wconf 85' lang='lat' dir='ltr'><strong>fermentum,</strong></span> <span class='ocrx_word' id='word_1_238' title='bbox 803 4268 840 4319; x_wconf 90' lang='lat' dir='ltr'><strong>ut</strong></span> <span class='ocrx_word' id='word_1_239' title='bbox 853 4262 918 4321; x_wconf 89' lang='lat' dir='ltr'><strong>sitis</strong></span> <span class='ocrx_word' id='word_1_240' title='bbox 938 4283 1016 4322; x_wconf 88' lang='lat' dir='ltr'><strong>nova</strong></span> <span class='ocrx_word' id='word_1_241' title='bbox 1036 4263 1208 4340; x_wconf 89' lang='lat' dir='ltr'><strong>conspersio,</strong></span> <span class='ocrx_word' id='word_1_242' title='bbox 1224 4263 1302 4322; x_wconf 90' lang='lat' dir='ltr'><strong>sicut</strong></span> 
     </span>
     <span class='ocr_line' id='line_1_43' title="bbox 99 4338 1299 4421; baseline 0.003 -24"><span class='ocrx_word' id='word_1_243' title='bbox 99 4338 167 4397; x_wconf 89' lang='lat' dir='ltr'><strong>estis</strong></span> <span class='ocrx_word' id='word_1_244' title='bbox 188 4339 291 4417; x_wconf 80' lang='lat' dir='ltr'><strong>azymi</strong></span> <span class='ocrx_word' id='word_1_245' title='bbox 335 4340 455 4398; x_wconf 86' lang='lat' dir='ltr'><strong>Etenim</strong></span> <span class='ocrx_word' id='word_1_246' title='bbox 475 4340 590 4399; x_wconf 91' lang='lat' dir='ltr'><strong>Pascha</strong></span> <span class='ocrx_word' id='word_1_247' title='bbox 608 4347 744 4400; x_wconf 88' lang='lat' dir='ltr'><strong>nostrum</strong></span> <span class='ocrx_word' id='word_1_248' title='bbox 758 4342 928 4403; x_wconf 89' lang='lat' dir='ltr'><strong>immolatus</strong></span> <span class='ocrx_word' id='word_1_249' title='bbox 948 4351 993 4403; x_wconf 91' lang='lat' dir='ltr'><strong>est</strong></span> <span class='ocrx_word' id='word_1_250' title='bbox 1007 4344 1149 4403; x_wconf 74' lang='lat' dir='ltr'><strong>Christus.</strong></span> <span class='ocrx_word' id='word_1_251' title='bbox 1192 4344 1299 4421; x_wconf 90' lang='lat' dir='ltr'><strong>Itaque</strong></span> 
     </span>
     <span class='ocr_line' id='line_1_44' title="bbox 100 4420 1299 4501; baseline 0.006 -25"><span class='ocrx_word' id='word_1_252' title='bbox 100 4420 269 4496; x_wconf 90' lang='lat' dir='ltr'><strong>epulemur:</strong></span> <span class='ocrx_word' id='word_1_253' title='bbox 303 4440 364 4480; x_wconf 91' lang='lat' dir='ltr'><strong>non</strong></span> <span class='ocrx_word' id='word_1_254' title='bbox 390 4421 424 4478; x_wconf 91' lang='lat' dir='ltr'><strong>in</strong></span> <span class='ocrx_word' id='word_1_255' title='bbox 450 4422 594 4480; x_wconf 87' lang='lat' dir='ltr'><strong>fermenta</strong></span> <span class='ocrx_word' id='word_1_256' title='bbox 620 4423 724 4495; x_wconf 87' lang='lat' dir='ltr'><strong>veteri,</strong></span> <span class='ocrx_word' id='word_1_257' title='bbox 752 4443 847 4501; x_wconf 89' lang='lat' dir='ltr'><strong>neque</strong></span> <span class='ocrx_word' id='word_1_258' title='bbox 881 4426 914 4483; x_wconf 91' lang='lat' dir='ltr'><strong>in</strong></span> <span class='ocrx_word' id='word_1_259' title='bbox 947 4427 1093 4484; x_wconf 85' lang='lat' dir='ltr'><strong>fermento</strong></span> <span class='ocrx_word' id='word_1_260' title='bbox 1119 4425 1240 4482; x_wconf 84' lang='lat' dir='ltr'><strong>malitiae</strong></span> <span class='ocrx_word' id='word_1_261' title='bbox 1268 4432 1299 4483; x_wconf 91' lang='lat' dir='ltr'><strong>et</strong></span> 
     </span>
     <span class='ocr_line' id='line_1_45' title="bbox 99 4501 1211 4583; baseline 0.006 -25"><span class='ocrx_word' id='word_1_262' title='bbox 99 4502 255 4580; x_wconf 86' lang='lat' dir='ltr'><strong>nequitiae:</strong></span> <span class='ocrx_word' id='word_1_263' title='bbox 277 4502 327 4561; x_wconf 87' lang='lat' dir='ltr'><strong>sed</strong></span> <span class='ocrx_word' id='word_1_264' title='bbox 340 4501 374 4560; x_wconf 91' lang='lat' dir='ltr'><strong>in</strong></span> <span class='ocrx_word' id='word_1_265' title='bbox 386 4502 496 4579; x_wconf 83' lang='lat' dir='ltr'><strong>azymis</strong></span> <span class='ocrx_word' id='word_1_266' title='bbox 509 4502 695 4583; x_wconf 76' lang='lat' dir='ltr'><strong>sinceritatis,</strong></span> <span class='ocrx_word' id='word_1_267' title='bbox 710 4510 741 4562; x_wconf 91' lang='lat' dir='ltr'><strong>et</strong></span> <span class='ocrx_word' id='word_1_268' title='bbox 754 4505 903 4565; x_wconf 68' lang='lat' dir='ltr'><strong>veritatis.</strong></span> <span class='ocrx_word' id='word_1_269' title='bbox 1208 4510 1211 4515; x_wconf 75' lang='grc'>’</span> 
     </span>
    </p>
   </div>
   <div class='ocr_carea' id='block_1_17' title="bbox 0 0 1477 4986">
    <p class='ocr_par' dir='ltr' id='par_1_22' title="bbox 0 0 1477 4986">
     <span class='ocr_line' id='line_1_46' title="bbox 0 0 1477 4986; baseline 0 0"><span class='ocrx_word' id='word_1_270' title='bbox 0 0 1477 4986; x_wconf 95' lang='lat' dir='ltr'><strong> </strong></span> 
     </span>
    </p>
   </div>
  </div>
 </body>
</html>
