<?xml version="1.0" encoding="UTF-8"?>
<!DOCTYPE html PUBLIC "-//W3C//DTD XHTML 1.0 Transitional//EN"
    "http://www.w3.org/TR/xhtml1/DTD/xhtml1-transitional.dtd">
<html xmlns="http://www.w3.org/1999/xhtml" xml:lang="en" lang="en">
 <head>
  <title>
</title>
<meta http-equiv="Content-Type" content="text/html;charset=utf-8" />
  <meta name='ocr-system' content='tesseract 3.04.00' />
  <meta name='ocr-capabilities' content='ocr_page ocr_carea ocr_par ocr_line ocrx_word'/>
</head>
<body>
  <div class='ocr_page' id='page_1' title='image "./missaleadusumin03churgoog_0292.png"; bbox 0 0 2886 4994; ppageno 0'>
   <div class='ocr_carea' id='block_1_1' title="bbox 179 372 1114 459">
    <p class='ocr_par' dir='ltr' id='par_1_1' title="bbox 179 372 1114 459">
     <span class='ocr_line' id='line_1_1' title="bbox 179 372 1114 459; baseline -0.004 -18"><span class='ocrx_word' id='word_1_1' title='bbox 179 379 242 441; x_wconf 77' lang='lat'>242</span> <span class='ocrx_word' id='word_1_2' title='bbox 447 372 630 441; x_wconf 73' lang='lat' dir='ltr'>Donasti.</span> <span class='ocrx_word' id='word_1_3' title='bbox 650 379 725 459; x_wconf 83' lang='lat' dir='ltr'>post</span> <span class='ocrx_word' id='word_1_4' title='bbox 750 373 886 439; x_wconf 82' lang='lat' dir='ltr'>Octavus</span> <span class='ocrx_word' id='word_1_5' title='bbox 906 372 1114 438; x_wconf 74' lang='lat' dir='ltr'>Peseteeostes.</span> 
     </span>
    </p>
   </div>
   <div class='ocr_carea' id='block_1_2' title="bbox 177 528 1387 682">
    <p class='ocr_par' dir='ltr' id='par_1_2' title="bbox 177 528 1387 682">
     <span class='ocr_line' id='line_1_2' title="bbox 181 528 1387 616; baseline 0 -17"><span class='ocrx_word' id='word_1_6' title='bbox 181 543 211 601; x_wconf 78' lang='lat' dir='ltr'>V.</span> <span class='ocrx_word' id='word_1_7' title='bbox 238 541 385 612; x_wconf 81' lang='lat' dir='ltr'>Quoniam</span> <span class='ocrx_word' id='word_1_8' title='bbox 412 542 587 599; x_wconf 85' lang='lat' dir='ltr'>confirmata</span> <span class='ocrx_word' id='word_1_9' title='bbox 614 545 659 597; x_wconf 88' lang='lat' dir='ltr'>est</span> <span class='ocrx_word' id='word_1_10' title='bbox 686 559 776 616; x_wconf 87' lang='lat' dir='ltr'>super</span> <span class='ocrx_word' id='word_1_11' title='bbox 798 559 852 597; x_wconf 91' lang='lat' dir='ltr'>nos</span> <span class='ocrx_word' id='word_1_12' title='bbox 876 528 1077 597; x_wconf 81' lang='lat' dir='ltr'>misericordia</span> <span class='ocrx_word' id='word_1_13' title='bbox 1105 541 1187 616; x_wconf 83' lang='lat' dir='ltr'>ejus:</span> <span class='ocrx_word' id='word_1_14' title='bbox 1219 546 1251 598; x_wconf 91' lang='lat' dir='ltr'>et</span> <span class='ocrx_word' id='word_1_15' title='bbox 1279 542 1387 599; x_wconf 85' lang='lat' dir='ltr'>veritas</span> 
     </span>
     <span class='ocr_line' id='line_1_3' title="bbox 177 623 628 682; baseline -0.011 0"><span class='ocrx_word' id='word_1_16' title='bbox 177 623 302 682; x_wconf 87' lang='lat' dir='ltr'><strong>Domini</strong></span> <span class='ocrx_word' id='word_1_17' title='bbox 315 628 416 680; x_wconf 88' lang='lat' dir='ltr'>manet</span> <span class='ocrx_word' id='word_1_18' title='bbox 430 623 460 679; x_wconf 89' lang='lat' dir='ltr'>in</span> <span class='ocrx_word' id='word_1_19' title='bbox 475 629 628 679; x_wconf 84' lang='lat' dir='ltr'>aeternum.</span> 
     </span>
    </p>
   </div>
   <div class='ocr_carea' id='block_1_3' title="bbox 176 717 1387 1041">
    <p class='ocr_par' dir='ltr' id='par_1_3' title="bbox 237 717 739 795">
     <span class='ocr_line' id='line_1_4' title="bbox 237 717 739 795; baseline -0.012 -16"><span class='ocrx_word' id='word_1_20' title='bbox 237 719 406 779; x_wconf 79' lang='lat' dir='ltr'>Securulum</span> <span class='ocrx_word' id='word_1_21' title='bbox 420 719 533 776; x_wconf 82' lang='lat' dir='ltr'>Lucum</span> <span class='ocrx_word' id='word_1_22' title='bbox 546 717 628 794; x_wconf 74' lang='lat' dir='ltr'>(xiii.</span> <span class='ocrx_word' id='word_1_23' title='bbox 644 717 739 795; x_wconf 83' lang='grc'>6-17).</span> 
     </span>
    </p>

    <p class='ocr_par' dir='ltr' id='par_1_4' title="bbox 176 798 1387 1041">
     <span class='ocr_line' id='line_1_5' title="bbox 237 798 1387 877; baseline -0.001 -18"><span class='ocrx_word' id='word_1_24' title='bbox 237 801 277 859; x_wconf 93' lang='lat' dir='ltr'>In</span> <span class='ocrx_word' id='word_1_25' title='bbox 290 801 341 858; x_wconf 89' lang='lat' dir='ltr'>illo</span> <span class='ocrx_word' id='word_1_26' title='bbox 355 807 496 877; x_wconf 88' lang='lat' dir='ltr'>tempore,</span> <span class='ocrx_word' id='word_1_27' title='bbox 511 799 639 857; x_wconf 84' lang='lat' dir='ltr'>Dicebat</span> <span class='ocrx_word' id='word_1_28' title='bbox 653 798 674 856; x_wconf 91' lang='lat' dir='ltr'><strong>J</strong></span> <span class='ocrx_word' id='word_1_29' title='bbox 676 817 742 855; x_wconf 89' lang='lat' dir='ltr'>esus</span> <span class='ocrx_word' id='word_1_30' title='bbox 760 798 859 856; x_wconf 87' lang='lat' dir='ltr'>turbis</span> <span class='ocrx_word' id='word_1_31' title='bbox 876 798 1105 856; x_wconf 89' lang='lat' dir='ltr'>similitudinem</span> <span class='ocrx_word' id='word_1_32' title='bbox 1123 799 1219 872; x_wconf 87' lang='lat' dir='ltr'>hanc;</span> <span class='ocrx_word' id='word_1_33' title='bbox 1241 800 1387 858; x_wconf 88' lang='lat' dir='ltr'>Arborem</span> 
     </span>
     <span class='ocr_line' id='line_1_6' title="bbox 176 878 1386 959; baseline -0.002 -18"><span class='ocrx_word' id='word_1_34' title='bbox 176 882 225 941; x_wconf 90' lang='lat' dir='ltr'>fici</span> <span class='ocrx_word' id='word_1_35' title='bbox 242 881 370 940; x_wconf 84' lang='lat' dir='ltr'>habebat</span> <span class='ocrx_word' id='word_1_36' title='bbox 388 880 509 959; x_wconf 88' lang='lat' dir='ltr'>quidam</span> <span class='ocrx_word' id='word_1_37' title='bbox 527 899 618 955; x_wconf 76' lang='lat' dir='ltr'>araque</span> <span class='ocrx_word' id='word_1_38' title='bbox 635 878 678 937; x_wconf 85' lang='lat' dir='ltr'>ad</span> <span class='ocrx_word' id='word_1_39' title='bbox 698 886 729 937; x_wconf 90' lang='lat' dir='ltr'>et</span> <span class='ocrx_word' id='word_1_40' title='bbox 753 880 850 937; x_wconf 90' lang='lat' dir='ltr'>omnis</span> <span class='ocrx_word' id='word_1_41' title='bbox 870 879 998 957; x_wconf 89' lang='lat' dir='ltr'>populus</span> <span class='ocrx_word' id='word_1_42' title='bbox 1014 880 1163 957; x_wconf 79' lang='lat' dir='ltr'>gaudebat</span> <span class='ocrx_word' id='word_1_43' title='bbox 1181 880 1216 938; x_wconf 93' lang='lat' dir='ltr'>in</span> <span class='ocrx_word' id='word_1_44' title='bbox 1233 883 1386 954; x_wconf 88' lang='lat' dir='ltr'>universis,</span> 
     </span>
     <span class='ocr_line' id='line_1_7' title="bbox 178 962 618 1041; baseline -0.011 -19"><span class='ocrx_word' id='word_1_45' title='bbox 178 982 245 1041; x_wconf 76' lang='lat' dir='ltr'>quse</span> <span class='ocrx_word' id='word_1_46' title='bbox 258 963 383 1040; x_wconf 84' lang='lat' dir='ltr'>gloriose</span> <span class='ocrx_word' id='word_1_47' title='bbox 398 963 509 1020; x_wconf 87' lang='lat' dir='ltr'>fiebant</span> <span class='ocrx_word' id='word_1_48' title='bbox 523 962 561 1018; x_wconf 84' lang='lat' dir='ltr'>ab</span> <span class='ocrx_word' id='word_1_49' title='bbox 575 979 618 1018; x_wconf 79' lang='lat' dir='ltr'>eo,</span> 
     </span>
    </p>
   </div>
   <div class='ocr_carea' id='block_1_4' title="bbox 181 1059 1388 1625">
    <p class='ocr_par' dir='ltr' id='par_1_5' title="bbox 242 1059 438 1135">
     <span class='ocr_line' id='line_1_8' title="bbox 242 1059 438 1135; baseline -0.015 -16"><span class='ocrx_word' id='word_1_50' title='bbox 242 1059 438 1135; x_wconf 75' lang='lat' dir='ltr'>offertorium.</span> 
     </span>
    </p>

    <p class='ocr_par' dir='ltr' id='par_1_6' title="bbox 181 1135 1388 1296">
     <span class='ocr_line' id='line_1_9' title="bbox 240 1135 1388 1200; baseline -0.002 -1"><span class='ocrx_word' id='word_1_51' title='bbox 240 1141 369 1200; x_wconf 89' lang='lat' dir='ltr'>Domine</span> <span class='ocrx_word' id='word_1_52' title='bbox 383 1139 465 1197; x_wconf 92' lang='lat' dir='ltr'>Deus</span> <span class='ocrx_word' id='word_1_53' title='bbox 479 1137 584 1196; x_wconf 89' lang='lat' dir='ltr'>salutis</span> <span class='ocrx_word' id='word_1_54' title='bbox 598 1156 689 1195; x_wconf 77' lang='lat' dir='ltr'>mear:</span> <span class='ocrx_word' id='word_1_55' title='bbox 711 1136 744 1192; x_wconf 92' lang='lat' dir='ltr'>in</span> <span class='ocrx_word' id='word_1_56' title='bbox 757 1136 804 1194; x_wconf 92' lang='lat' dir='ltr'>die</span> <span class='ocrx_word' id='word_1_57' title='bbox 818 1135 945 1194; x_wconf 80' lang='lat' dir='ltr'>clamavi</span> <span class='ocrx_word' id='word_1_58' title='bbox 963 1143 993 1195; x_wconf 91' lang='lat' dir='ltr'>et</span> <span class='ocrx_word' id='word_1_59' title='bbox 1012 1145 1100 1196; x_wconf 88' lang='lat' dir='ltr'>nocte</span> <span class='ocrx_word' id='word_1_60' title='bbox 1114 1158 1214 1198; x_wconf 93' lang='lat' dir='ltr'>coram</span> <span class='ocrx_word' id='word_1_61' title='bbox 1228 1145 1279 1198; x_wconf 88' lang='lat' dir='ltr'>te:</span> <span class='ocrx_word' id='word_1_62' title='bbox 1300 1141 1388 1198; x_wconf 77' lang='lat' dir='ltr'><strong>intret</strong></span> 
     </span>
     <span class='ocr_line' id='line_1_10' title="bbox 181 1217 802 1296; baseline -0.014 -14"><span class='ocrx_word' id='word_1_63' title='bbox 181 1223 275 1282; x_wconf 86' lang='lat' dir='ltr'>oratio</span> <span class='ocrx_word' id='word_1_64' title='bbox 288 1241 354 1280; x_wconf 89' lang='lat' dir='ltr'>mea</span> <span class='ocrx_word' id='word_1_65' title='bbox 367 1221 400 1278; x_wconf 93' lang='lat' dir='ltr'>in</span> <span class='ocrx_word' id='word_1_66' title='bbox 413 1225 572 1296; x_wconf 90' lang='lat' dir='ltr'>conspectu</span> <span class='ocrx_word' id='word_1_67' title='bbox 585 1225 648 1290; x_wconf 89' lang='lat' dir='ltr'>tuo,</span> <span class='ocrx_word' id='word_1_68' title='bbox 665 1217 802 1274; x_wconf 87' lang='lat' dir='ltr'>Domine.</span> 
     </span>
    </p>

    <p class='ocr_par' dir='ltr' id='par_1_7' title="bbox 243 1303 365 1363">
     <span class='ocr_line' id='line_1_11' title="bbox 243 1303 365 1363; baseline -0.033 0"><span class='ocrx_word' id='word_1_69' title='bbox 243 1303 365 1363; x_wconf 76' lang='lat' dir='ltr'>Secreta</span> 
     </span>
    </p>

    <p class='ocr_par' dir='ltr' id='par_1_8' title="bbox 183 1378 1388 1625">
     <span class='ocr_line' id='line_1_12' title="bbox 243 1378 1388 1460; baseline -0.002 -18"><span class='ocrx_word' id='word_1_70' title='bbox 243 1383 386 1454; x_wconf 79' lang='lat' dir='ltr'>Concede,</span> <span class='ocrx_word' id='word_1_71' title='bbox 415 1400 591 1458; x_wconf 68' lang='lat' dir='ltr'>quesumus,</span> <span class='ocrx_word' id='word_1_72' title='bbox 620 1380 807 1455; x_wconf 87' lang='lat' dir='ltr'>omnipotens</span> <span class='ocrx_word' id='word_1_73' title='bbox 834 1378 925 1452; x_wconf 89' lang='lat' dir='ltr'>Deus,</span> <span class='ocrx_word' id='word_1_74' title='bbox 953 1386 989 1437; x_wconf 92' lang='lat' dir='ltr'>ut</span> <span class='ocrx_word' id='word_1_75' title='bbox 1015 1380 1108 1439; x_wconf 83' lang='lat' dir='ltr'>oculis</span> <span class='ocrx_word' id='word_1_76' title='bbox 1134 1387 1196 1439; x_wconf 87' lang='lat' dir='ltr'>tuae</span> <span class='ocrx_word' id='word_1_77' title='bbox 1229 1383 1388 1460; x_wconf 86' lang='lat' dir='ltr'>majestatis</span> 
     </span>
     <span class='ocr_line' id='line_1_13' title="bbox 183 1460 1387 1539; baseline -0.002 -14"><span class='ocrx_word' id='word_1_78' title='bbox 183 1485 292 1525; x_wconf 92' lang='lat' dir='ltr'>munus</span> <span class='ocrx_word' id='word_1_79' title='bbox 309 1465 442 1523; x_wconf 86' lang='lat' dir='ltr'>oblatum</span> <span class='ocrx_word' id='word_1_80' title='bbox 456 1472 487 1520; x_wconf 87' lang='lat' dir='ltr'>et</span> <span class='ocrx_word' id='word_1_81' title='bbox 503 1463 630 1539; x_wconf 83' lang='lat' dir='ltr'>gratiam</span> <span class='ocrx_word' id='word_1_82' title='bbox 643 1460 729 1517; x_wconf 90' lang='lat' dir='ltr'>nobis</span> <span class='ocrx_word' id='word_1_83' title='bbox 747 1460 914 1518; x_wconf 87' lang='lat' dir='ltr'>devotionis</span> <span class='ocrx_word' id='word_1_84' title='bbox 936 1461 1079 1535; x_wconf 89' lang='lat' dir='ltr'>obtineat,</span> <span class='ocrx_word' id='word_1_85' title='bbox 1094 1469 1125 1520; x_wconf 90' lang='lat' dir='ltr'>et</span> <span class='ocrx_word' id='word_1_86' title='bbox 1142 1463 1285 1522; x_wconf 81' lang='lat' dir='ltr'>effectum</span> <span class='ocrx_word' id='word_1_87' title='bbox 1301 1465 1387 1523; x_wconf 86' lang='lat' dir='ltr'>beatae</span> 
     </span>
     <span class='ocr_line' id='line_1_14' title="bbox 184 1541 824 1625; baseline -0.013 -19"><span class='ocrx_word' id='word_1_88' title='bbox 184 1546 381 1625; x_wconf 87' lang='lat' dir='ltr'>perermitatis</span> <span class='ocrx_word' id='word_1_89' title='bbox 394 1544 536 1621; x_wconf 87' lang='lat' dir='ltr'>acquirat.</span> <span class='ocrx_word' id='word_1_90' title='bbox 580 1542 640 1600; x_wconf 87' lang='lat' dir='ltr'>Por</span> <span class='ocrx_word' id='word_1_91' title='bbox 653 1541 824 1598; x_wconf 90' lang='lat' dir='ltr'>Dominum.</span> 
     </span>
    </p>
   </div>
   <div class='ocr_carea' id='block_1_5' title="bbox 248 1640 1388 1797">
    <p class='ocr_par' dir='ltr' id='par_1_9' title="bbox 248 1640 1388 1797">
     <span class='ocr_line' id='line_1_15' title="bbox 248 1640 1388 1797; baseline -0.004 -17"><span class='ocrx_word' id='word_1_92' title='bbox 248 1640 491 1797; x_wconf 42' lang='lat' dir='ltr'>fficppgzppimo</span> <span class='ocrx_word' id='word_1_93' title='bbox 504 1717 581 1776; x_wconf 87' lang='lat' dir='ltr'>festa</span> <span class='ocrx_word' id='word_1_94' title='bbox 590 1714 784 1788; x_wconf 85' lang='lat' dir='ltr'>celebrabitis,</span> <span class='ocrx_word' id='word_1_95' title='bbox 795 1734 863 1772; x_wconf 86' lang='lat' dir='ltr'>curn</span> <span class='ocrx_word' id='word_1_96' title='bbox 876 1715 909 1772; x_wconf 93' lang='lat' dir='ltr'>in</span> <span class='ocrx_word' id='word_1_97' title='bbox 919 1716 1117 1775; x_wconf 87' lang='lat' dir='ltr'>tabernaculis</span> <span class='ocrx_word' id='word_1_98' title='bbox 1127 1717 1265 1776; x_wconf 89' lang='lat' dir='ltr'>habitare</span> <span class='ocrx_word' id='word_1_99' title='bbox 1278 1720 1388 1778; x_wconf 81' lang='lat' dir='ltr'>fecerim</span> 
     </span>
    </p>
   </div>
   <div class='ocr_carea' id='block_1_6' title="bbox 188 1796 1388 1943">
    <p class='ocr_par' dir='ltr' id='par_1_10' title="bbox 188 1796 1388 1943">
     <span class='ocr_line' id='line_1_16' title="bbox 188 1796 1388 1943; baseline -0.005 -81"><span class='ocrx_word' id='word_1_100' title='bbox 188 1802 272 1943; x_wconf 56' lang='lat' dir='ltr'>filiii</span> <span class='ocrx_word' id='word_1_101' title='bbox 284 1801 394 1860; x_wconf 82' lang='lat' dir='ltr'>Israel:</span> <span class='ocrx_word' id='word_1_102' title='bbox 417 1820 484 1858; x_wconf 89' lang='lat' dir='ltr'>cum</span> <span class='ocrx_word' id='word_1_103' title='bbox 504 1798 657 1857; x_wconf 84' lang='lat' dir='ltr'>educerem</span> <span class='ocrx_word' id='word_1_104' title='bbox 674 1816 723 1855; x_wconf 89' lang='lat' dir='ltr'>eos</span> <span class='ocrx_word' id='word_1_105' title='bbox 738 1797 776 1854; x_wconf 88' lang='lat' dir='ltr'>de</span> <span class='ocrx_word' id='word_1_106' title='bbox 794 1801 874 1854; x_wconf 88' lang='lat' dir='ltr'>terra</span> <span class='ocrx_word' id='word_1_107' title='bbox 887 1796 1022 1874; x_wconf 85' lang='lat' dir='ltr'>AEgypti.</span> <span class='ocrx_word' id='word_1_108' title='bbox 1065 1798 1129 1876; x_wconf 85' lang='lat' dir='ltr'>Ego</span> <span class='ocrx_word' id='word_1_109' title='bbox 1146 1799 1297 1860; x_wconf 82' lang='lat' dir='ltr'>Dominus</span> <span class='ocrx_word' id='word_1_110' title='bbox 1315 1801 1388 1859; x_wconf 75' lang='lat' dir='ltr'>Deus</span> 
     </span>
     <span class='ocr_line' id='line_1_17' title="bbox 191 1904 295 1943; baseline -0.01 -1"><span class='ocrx_word' id='word_1_111' title='bbox 191 1904 242 1943; x_wconf 82' lang='lat' dir='ltr'>vos</span> <span class='ocrx_word' id='word_1_112' title='bbox 273 1904 295 1942; x_wconf 92' lang='lat' dir='ltr'>r.</span> 
     </span>
    </p>
   </div>
   <div class='ocr_carea' id='block_1_7' title="bbox 253 1961 1388 2120">
    <p class='ocr_par' dir='ltr' id='par_1_11' title="bbox 253 1961 1388 2120">
     <span class='ocr_line' id='line_1_18' title="bbox 253 1961 493 2024; baseline -0.021 0"><span class='ocrx_word' id='word_1_113' title='bbox 253 1961 493 2024; x_wconf 82' lang='lat' dir='ltr'>Posteommunio.</span> 
     </span>
     <span class='ocr_line' id='line_1_19' title="bbox 253 2039 1388 2120; baseline -0.02 -14"><span class='ocrx_word' id='word_1_114' title='bbox 253 2045 414 2105; x_wconf 86' lang='lat' dir='ltr'>Perficiant</span> <span class='ocrx_word' id='word_1_115' title='bbox 434 2042 469 2100; x_wconf 93' lang='lat' dir='ltr'>in</span> <span class='ocrx_word' id='word_1_116' title='bbox 488 2041 583 2114; x_wconf 89' lang='lat' dir='ltr'>nobis,</span> <span class='ocrx_word' id='word_1_117' title='bbox 600 2039 738 2111; x_wconf 87' lang='lat' dir='ltr'>Domine,</span> <span class='ocrx_word' id='word_1_118' title='bbox 753 2058 929 2115; x_wconf 77' lang='lat' dir='ltr'>quasumus,</span> <span class='ocrx_word' id='word_1_119' title='bbox 951 2047 1004 2096; x_wconf 87' lang='lat' dir='ltr'>tua</span> <span class='ocrx_word' id='word_1_120' title='bbox 1026 2048 1211 2099; x_wconf 87' lang='lat' dir='ltr'>sacramenta</span> <span class='ocrx_word' id='word_1_121' title='bbox 1230 2045 1310 2120; x_wconf 77' lang='lat' dir='ltr'>quod</span> <span class='ocrx_word' id='word_1_122' title='bbox 1333 2063 1388 2102; x_wconf 90' lang='lat' dir='ltr'>con-</span> 
     </span>
    </p>
   </div>
   <div class='ocr_carea' id='block_1_8' title="bbox 191 2120 1387 2267">
    <p class='ocr_par' dir='ltr' id='par_1_12' title="bbox 191 2120 1387 2267">
     <span class='ocr_line' id='line_1_20' title="bbox 191 2120 1387 2266; baseline -0.007 -79"><span class='ocrx_word' id='word_1_123' title='bbox 191 2128 308 2266; x_wconf 49' lang='lat' dir='ltr'>tlinent3</span> <span class='ocrx_word' id='word_1_124' title='bbox 336 2132 372 2184; x_wconf 91' lang='lat' dir='ltr'>ut</span> <span class='ocrx_word' id='word_1_125' title='bbox 395 2143 461 2202; x_wconf 83' lang='lat' dir='ltr'>quae</span> <span class='ocrx_word' id='word_1_126' title='bbox 485 2140 565 2179; x_wconf 89' lang='lat' dir='ltr'>nunc</span> <span class='ocrx_word' id='word_1_127' title='bbox 588 2121 684 2196; x_wconf 88' lang='lat' dir='ltr'>specie</span> <span class='ocrx_word' id='word_1_128' title='bbox 706 2120 844 2197; x_wconf 68' lang='lat' dir='ltr'>gerimus</span> <span class='ocrx_word' id='word_1_129' title='bbox 869 2139 969 2177; x_wconf 89' lang='lat' dir='ltr'>rerum</span> <span class='ocrx_word' id='word_1_130' title='bbox 987 2121 1114 2179; x_wconf 85' lang='lat' dir='ltr'>veritate</span> <span class='ocrx_word' id='word_1_131' title='bbox 1137 2124 1298 2200; x_wconf 84' lang='lat' dir='ltr'>capiamus.</span> <span class='ocrx_word' id='word_1_132' title='bbox 1340 2125 1387 2181; x_wconf 86' lang='lat' dir='ltr'>Per</span> 
     </span>
     <span class='ocr_line' id='line_1_21' title="bbox 224 2227 366 2267; baseline -0.021 0"><span class='ocrx_word' id='word_1_133' title='bbox 224 2227 366 2267; x_wconf 88' lang='lat' dir='ltr'>ommum.</span> 
     </span>
    </p>
   </div>
   <div class='ocr_carea' id='block_1_9' title="bbox 255 2398 1259 2610">
    <p class='ocr_par' dir='ltr' id='par_1_13' title="bbox 255 2398 1259 2610">
     <span class='ocr_line' id='line_1_22' title="bbox 333 2398 1259 2463; baseline -0.001 -1"><span class='ocrx_word' id='word_1_134' title='bbox 333 2405 495 2463; x_wconf 78' lang='lat' dir='ltr'>Douuuoa</span> <span class='ocrx_word' id='word_1_135' title='bbox 516 2401 643 2458; x_wconf 78' lang='lat' dir='ltr'>Dnorna</span> <span class='ocrx_word' id='word_1_136' title='bbox 664 2413 760 2456; x_wconf 78' lang='lat' dir='ltr'>snxrs</span> <span class='ocrx_word' id='word_1_137' title='bbox 781 2414 852 2456; x_wconf 85' lang='lat' dir='ltr'>rosr</span> <span class='ocrx_word' id='word_1_138' title='bbox 872 2398 1013 2457; x_wconf 74' lang='lat' dir='ltr'>Ocrivas</span> <span class='ocrx_word' id='word_1_139' title='bbox 1034 2401 1259 2461; x_wconf 82' lang='lat' dir='ltr'>Paurnoosrns.</span> 
     </span>
     <span class='ocr_line' id='line_1_23' title="bbox 255 2532 397 2610; baseline -0.035 -16"><span class='ocrx_word' id='word_1_140' title='bbox 255 2532 397 2610; x_wconf 80' lang='lat' dir='ltr'>Officium.</span> 
     </span>
    </p>
   </div>
   <div class='ocr_carea' id='block_1_10' title="bbox 194 2607 1390 3102">
    <p class='ocr_par' dir='ltr' id='par_1_14' title="bbox 194 2607 1388 2840">
     <span class='ocr_line' id='line_1_24' title="bbox 254 2607 1385 2688; baseline -0.004 -14"><span class='ocrx_word' id='word_1_141' title='bbox 254 2616 398 2675; x_wconf 84' lang='lat' dir='ltr'>Miserere</span> <span class='ocrx_word' id='word_1_142' title='bbox 418 2610 502 2684; x_wconf 90' lang='lat' dir='ltr'>mihi,</span> <span class='ocrx_word' id='word_1_143' title='bbox 518 2608 656 2681; x_wconf 87' lang='lat' dir='ltr'>Domine,</span> <span class='ocrx_word' id='word_1_144' title='bbox 671 2607 813 2683; x_wconf 88' lang='lat' dir='ltr'>quoniam</span> <span class='ocrx_word' id='word_1_145' title='bbox 833 2607 872 2664; x_wconf 89' lang='lat' dir='ltr'>ad</span> <span class='ocrx_word' id='word_1_146' title='bbox 893 2613 922 2664; x_wconf 90' lang='lat' dir='ltr'>te</span> <span class='ocrx_word' id='word_1_147' title='bbox 944 2608 1070 2666; x_wconf 85' lang='lat' dir='ltr'>clamavi</span> <span class='ocrx_word' id='word_1_148' title='bbox 1087 2615 1152 2667; x_wconf 88' lang='lat' dir='ltr'>tota</span> <span class='ocrx_word' id='word_1_149' title='bbox 1171 2611 1240 2669; x_wconf 85' lang='lat' dir='ltr'>die:</span> <span class='ocrx_word' id='word_1_150' title='bbox 1268 2613 1336 2688; x_wconf 89' lang='lat' dir='ltr'>quia</span> <span class='ocrx_word' id='word_1_151' title='bbox 1352 2617 1385 2680; x_wconf 83' lang='lat' dir='ltr'>tu,</span> 
     </span>
     <span class='ocr_line' id='line_1_25' title="bbox 194 2689 1388 2768; baseline -0.006 -10"><span class='ocrx_word' id='word_1_152' title='bbox 194 2698 332 2768; x_wconf 87' lang='lat' dir='ltr'>Domino,</span> <span class='ocrx_word' id='word_1_153' title='bbox 347 2693 447 2753; x_wconf 88' lang='lat' dir='ltr'>suavis</span> <span class='ocrx_word' id='word_1_154' title='bbox 460 2712 494 2750; x_wconf 89' lang='lat' dir='ltr'>ac</span> <span class='ocrx_word' id='word_1_155' title='bbox 507 2690 590 2748; x_wconf 88' lang='lat' dir='ltr'>mitis</span> <span class='ocrx_word' id='word_1_156' title='bbox 604 2709 651 2747; x_wconf 83' lang='lat' dir='ltr'>es:</span> <span class='ocrx_word' id='word_1_157' title='bbox 674 2695 705 2746; x_wconf 88' lang='lat' dir='ltr'>et</span> <span class='ocrx_word' id='word_1_158' title='bbox 718 2689 852 2765; x_wconf 89' lang='lat' dir='ltr'>copiosus</span> <span class='ocrx_word' id='word_1_159' title='bbox 866 2689 898 2744; x_wconf 92' lang='lat' dir='ltr'>in</span> <span class='ocrx_word' id='word_1_160' title='bbox 909 2689 1108 2748; x_wconf 86' lang='lat' dir='ltr'>misericordia</span> <span class='ocrx_word' id='word_1_161' title='bbox 1117 2692 1256 2751; x_wconf 90' lang='lat' dir='ltr'>omnibus</span> <span class='ocrx_word' id='word_1_162' title='bbox 1266 2694 1388 2752; x_wconf 84' lang='lat' dir='ltr'>invocan-</span> 
     </span>
     <span class='ocr_line' id='line_1_26' title="bbox 195 2781 329 2840; baseline -0.037 0"><span class='ocrx_word' id='word_1_163' title='bbox 195 2781 277 2840; x_wconf 88' lang='lat' dir='ltr'>tibus</span> <span class='ocrx_word' id='word_1_164' title='bbox 291 2785 329 2837; x_wconf 89' lang='lat' dir='ltr'>te.</span> 
     </span>
    </p>

    <p class='ocr_par' dir='ltr' id='par_1_15' title="bbox 255 2859 401 2918">
     <span class='ocr_line' id='line_1_27' title="bbox 255 2859 401 2918; baseline -0.027 0"><span class='ocrx_word' id='word_1_165' title='bbox 255 2859 401 2918; x_wconf 82' lang='lat' dir='ltr'>Psalmua.</span> 
     </span>
    </p>

    <p class='ocr_par' dir='ltr' id='par_1_16' title="bbox 194 2932 1390 3102">
     <span class='ocr_line' id='line_1_28' title="bbox 255 2932 1390 3014; baseline -0.009 -15"><span class='ocrx_word' id='word_1_166' title='bbox 255 2939 381 3008; x_wconf 86' lang='lat' dir='ltr'>Inclina,</span> <span class='ocrx_word' id='word_1_167' title='bbox 405 2933 543 3005; x_wconf 88' lang='lat' dir='ltr'>Domine,</span> <span class='ocrx_word' id='word_1_168' title='bbox 568 2951 670 2989; x_wconf 85' lang='lat' dir='ltr'>aurem</span> <span class='ocrx_word' id='word_1_169' title='bbox 697 2938 782 2988; x_wconf 89' lang='lat' dir='ltr'>tuam</span> <span class='ocrx_word' id='word_1_170' title='bbox 810 2937 840 2989; x_wconf 90' lang='lat' dir='ltr'>et</span> <span class='ocrx_word' id='word_1_171' title='bbox 862 2932 969 2989; x_wconf 85' lang='lat' dir='ltr'>exaudi</span> <span class='ocrx_word' id='word_1_172' title='bbox 993 2952 1059 2992; x_wconf 90' lang='lat' dir='ltr'>me:</span> <span class='ocrx_word' id='word_1_173' title='bbox 1090 2936 1232 3010; x_wconf 85' lang='lat' dir='ltr'>quoniam</span> <span class='ocrx_word' id='word_1_174' title='bbox 1259 2937 1343 3014; x_wconf 90' lang='lat' dir='ltr'>inops</span> <span class='ocrx_word' id='word_1_175' title='bbox 1365 2939 1390 2992; x_wconf 90' lang='lat' dir='ltr'>et</span> 
     </span>
     <span class='ocr_line' id='line_1_29' title="bbox 194 3036 460 3102; baseline -0.03 -20"><span class='ocrx_word' id='word_1_176' title='bbox 194 3041 307 3102; x_wconf 86' lang='lat' dir='ltr'>pauper</span> <span class='ocrx_word' id='word_1_177' title='bbox 320 3039 385 3077; x_wconf 92' lang='lat' dir='ltr'>sum</span> <span class='ocrx_word' id='word_1_178' title='bbox 400 3036 460 3092; x_wconf 85' lang='lat' dir='ltr'>ego.</span> 
     </span>
    </p>
   </div>
   <div class='ocr_carea' id='block_1_11' title="bbox 255 3100 1390 3252">
    <p class='ocr_par' dir='ltr' id='par_1_17' title="bbox 255 3100 1390 3252">
     <span class='ocr_line' id='line_1_30' title="bbox 257 3100 367 3161; baseline -0.018 0"><span class='ocrx_word' id='word_1_179' title='bbox 257 3100 367 3161; x_wconf 81' lang='lat' dir='ltr'>Oratio.</span> 
     </span>
     <span class='ocr_line' id='line_1_31' title="bbox 255 3172 1390 3252; baseline -0.006 -11"><span class='ocrx_word' id='word_1_180' title='bbox 255 3180 417 3241; x_wconf 82' lang='lat' dir='ltr'>Ecclesiam</span> <span class='ocrx_word' id='word_1_181' title='bbox 430 3182 523 3246; x_wconf 89' lang='lat' dir='ltr'>tuam,</span> <span class='ocrx_word' id='word_1_182' title='bbox 540 3173 678 3246; x_wconf 90' lang='lat' dir='ltr'>Domine,</span> <span class='ocrx_word' id='word_1_183' title='bbox 693 3172 844 3231; x_wconf 76' lang='lat' dir='ltr'>miseratio</span> <span class='ocrx_word' id='word_1_184' title='bbox 859 3174 1032 3234; x_wconf 86' lang='lat' dir='ltr'>continuata</span> <span class='ocrx_word' id='word_1_185' title='bbox 1045 3176 1170 3235; x_wconf 91' lang='lat' dir='ltr'>mundet</span> <span class='ocrx_word' id='word_1_186' title='bbox 1184 3197 1219 3237; x_wconf 89' lang='lat' dir='ltr'>ac</span> <span class='ocrx_word' id='word_1_187' title='bbox 1232 3180 1355 3252; x_wconf 89' lang='lat' dir='ltr'>muniat,</span> <span class='ocrx_word' id='word_1_188' title='bbox 1365 3182 1390 3236; x_wconf 90' lang='lat' dir='ltr'>et</span> 
     </span>
    </p>
   </div>
   <div class='ocr_carea' id='block_1_12' title="bbox 192 3255 1395 3756">
    <p class='ocr_par' dir='ltr' id='par_1_18' title="bbox 192 3255 1389 3410">
     <span class='ocr_line' id='line_1_32' title="bbox 192 3255 1389 3344; baseline -0.017 -19"><span class='ocrx_word' id='word_1_189' title='bbox 192 3265 263 3344; x_wconf 87' lang='lat' dir='ltr'>quia</span> <span class='ocrx_word' id='word_1_190' title='bbox 277 3264 341 3321; x_wconf 87' lang='lat' dir='ltr'>sine</span> <span class='ocrx_word' id='word_1_191' title='bbox 355 3266 385 3318; x_wconf 91' lang='lat' dir='ltr'>te</span> <span class='ocrx_word' id='word_1_192' title='bbox 399 3276 460 3314; x_wconf 94' lang='lat' dir='ltr'>non</span> <span class='ocrx_word' id='word_1_193' title='bbox 474 3261 572 3332; x_wconf 89' lang='lat' dir='ltr'>potest</span> <span class='ocrx_word' id='word_1_194' title='bbox 585 3255 667 3311; x_wconf 86' lang='lat' dir='ltr'>salva</span> <span class='ocrx_word' id='word_1_195' title='bbox 686 3255 851 3323; x_wconf 82' lang='lat' dir='ltr'>consistere,</span> <span class='ocrx_word' id='word_1_196' title='bbox 865 3261 918 3311; x_wconf 88' lang='lat' dir='ltr'>tuo</span> <span class='ocrx_word' id='word_1_197' title='bbox 937 3275 1050 3333; x_wconf 89' lang='lat' dir='ltr'>semper</span> <span class='ocrx_word' id='word_1_198' title='bbox 1070 3277 1192 3316; x_wconf 89' lang='lat' dir='ltr'>munere</span> <span class='ocrx_word' id='word_1_199' title='bbox 1212 3262 1389 3336; x_wconf 69' lang='lat' dir='ltr'>gubernetur.</span> 
     </span>
     <span class='ocr_line' id='line_1_33' title="bbox 193 3335 1321 3410; baseline -0.025 -2"><span class='ocrx_word' id='word_1_200' title='bbox 193 3349 254 3407; x_wconf 90' lang='lat' dir='ltr'>Per</span> <span class='ocrx_word' id='word_1_201' title='bbox 264 3341 428 3403; x_wconf 91' lang='lat' dir='ltr'>Dominum</span> <span class='ocrx_word' id='word_1_202' title='bbox 442 3342 578 3394; x_wconf 90' lang='lat' dir='ltr'>nostrum</span> <span class='ocrx_word' id='word_1_203' title='bbox 591 3335 613 3393; x_wconf 89' lang='lat' dir='ltr'><strong>J</strong></span> <span class='ocrx_word' id='word_1_204' title='bbox 615 3355 697 3395; x_wconf 85' lang='lat' dir='ltr'>esum</span> <span class='ocrx_word' id='word_1_205' title='bbox 712 3335 864 3393; x_wconf 83' lang='lat' dir='ltr'>Christum</span> <span class='ocrx_word' id='word_1_206' title='bbox 879 3336 990 3393; x_wconf 90' lang='lat' dir='ltr'>Filium</span> <span class='ocrx_word' id='word_1_207' title='bbox 1003 3344 1097 3397; x_wconf 82' lang='lat' dir='ltr'>tuum.</span> <span class='ocrx_word' id='word_1_208' title='bbox 1141 3340 1200 3410; x_wconf 79' lang='lat' dir='ltr'>Qui</span> <span class='ocrx_word' id='word_1_209' title='bbox 1214 3348 1321 3401; x_wconf 43' lang='lat' dir='ltr'>tecum·</span> 
     </span>
    </p>

    <p class='ocr_par' dir='ltr' id='par_1_19' title="bbox 255 3431 664 3514">
     <span class='ocr_line' id='line_1_34' title="bbox 255 3431 664 3514; baseline -0.032 -15"><span class='ocrx_word' id='word_1_210' title='bbox 255 3441 306 3499; x_wconf 73' lang='lat' dir='ltr'>Ad</span> <span class='ocrx_word' id='word_1_211' title='bbox 319 3435 459 3514; x_wconf 74' lang='lat' dir='ltr'>Ephesios</span> <span class='ocrx_word' id='word_1_212' title='bbox 473 3432 534 3510; x_wconf 82' lang='lat' dir='ltr'>(iii.</span> <span class='ocrx_word' id='word_1_213' title='bbox 550 3431 664 3507; x_wconf 78' lang='lat'><strong>13-21).</strong></span> 
     </span>
    </p>

    <p class='ocr_par' dir='ltr' id='par_1_20' title="bbox 196 3511 1395 3756">
     <span class='ocr_line' id='line_1_35' title="bbox 257 3511 1394 3597; baseline -0.017 -16"><span class='ocrx_word' id='word_1_214' title='bbox 257 3523 396 3580; x_wconf 85' lang='lat' dir='ltr'>Fratres:</span> <span class='ocrx_word' id='word_1_215' title='bbox 418 3516 546 3574; x_wconf 85' lang='lat' dir='ltr'>Obsecro</span> <span class='ocrx_word' id='word_1_216' title='bbox 559 3531 621 3581; x_wconf 88' lang='lat' dir='ltr'>vos,</span> <span class='ocrx_word' id='word_1_217' title='bbox 636 3532 674 3569; x_wconf 89' lang='lat' dir='ltr'>nc</span> <span class='ocrx_word' id='word_1_218' title='bbox 690 3511 833 3570; x_wconf 85' lang='lat' dir='ltr'>deficiatis</span> <span class='ocrx_word' id='word_1_219' title='bbox 847 3513 879 3570; x_wconf 90' lang='lat' dir='ltr'>in</span> <span class='ocrx_word' id='word_1_220' title='bbox 897 3514 1141 3574; x_wconf 86' lang='lat' dir='ltr'>tribulationibus</span> <span class='ocrx_word' id='word_1_221' title='bbox 1158 3518 1235 3576; x_wconf 83' lang='lat' dir='ltr'>meis</span> <span class='ocrx_word' id='word_1_222' title='bbox 1254 3539 1309 3597; x_wconf 76' lang='lat' dir='ltr'>pro</span> <span class='ocrx_word' id='word_1_223' title='bbox 1322 3517 1394 3579; x_wconf 64' lang='lat' dir='ltr'>vobis</span> 
     </span>
     <span class='ocr_line' id='line_1_36' title="bbox 196 3593 1395 3682; baseline -0.022 -16"><span class='ocrx_word' id='word_1_224' title='bbox 196 3624 288 3682; x_wconf 74' lang='lat' dir='ltr'>oreque</span> <span class='ocrx_word' id='word_1_225' title='bbox 311 3601 352 3659; x_wconf 83' lang='lat' dir='ltr'>ed</span> <span class='ocrx_word' id='word_1_226' title='bbox 375 3596 536 3656; x_wconf 87' lang='lat' dir='ltr'>secundum</span> <span class='ocrx_word' id='word_1_227' title='bbox 563 3593 707 3650; x_wconf 88' lang='lat' dir='ltr'>virtutem</span> <span class='ocrx_word' id='word_1_228' title='bbox 731 3613 797 3669; x_wconf 84' lang='lat' dir='ltr'>quae</span> <span class='ocrx_word' id='word_1_229' title='bbox 824 3601 964 3671; x_wconf 87' lang='lat' dir='ltr'>operatur</span> <span class='ocrx_word' id='word_1_230' title='bbox 990 3596 1024 3652; x_wconf 89' lang='lat' dir='ltr'>in</span> <span class='ocrx_word' id='word_1_231' title='bbox 1050 3597 1143 3665; x_wconf 88' lang='lat' dir='ltr'>nobis,</span> <span class='ocrx_word' id='word_1_232' title='bbox 1167 3599 1227 3676; x_wconf 75' lang='lat' dir='ltr'>ipsi</span> <span class='ocrx_word' id='word_1_233' title='bbox 1253 3601 1345 3678; x_wconf 63' lang='lat' dir='ltr'>gloria</span> <span class='ocrx_word' id='word_1_234' title='bbox 1367 3599 1395 3656; x_wconf 71' lang='lat' dir='ltr'>in</span> 
     </span>
     <span class='ocr_line' id='line_1_37' title="bbox 198 3673 1393 3756; baseline -0.018 -8"><span class='ocrx_word' id='word_1_235' title='bbox 198 3683 338 3756; x_wconf 80' lang='lat' dir='ltr'>Ecclesia,</span> <span class='ocrx_word' id='word_1_236' title='bbox 357 3685 388 3738; x_wconf 88' lang='lat' dir='ltr'>et</span> <span class='ocrx_word' id='word_1_237' title='bbox 405 3679 438 3736; x_wconf 92' lang='lat' dir='ltr'>in</span> <span class='ocrx_word' id='word_1_238' title='bbox 456 3676 575 3734; x_wconf 85' lang='lat' dir='ltr'>(lhristo</span> <span class='ocrx_word' id='word_1_239' title='bbox 595 3673 617 3731; x_wconf 89' lang='lat' dir='ltr'><strong>J</strong></span> <span class='ocrx_word' id='word_1_240' title='bbox 619 3693 670 3731; x_wconf 88' lang='lat' dir='ltr'>esu</span> <span class='ocrx_word' id='word_1_241' title='bbox 693 3673 727 3731; x_wconf 89' lang='lat' dir='ltr'>in</span> <span class='ocrx_word' id='word_1_242' title='bbox 748 3694 850 3733; x_wconf 89' lang='lat' dir='ltr'>omnes</span> <span class='ocrx_word' id='word_1_243' title='bbox 873 3677 1077 3753; x_wconf 87' lang='lat' dir='ltr'>generationes</span> <span class='ocrx_word' id='word_1_244' title='bbox 1099 3680 1200 3738; x_wconf 86' lang='lat' dir='ltr'>saeculi</span> <span class='ocrx_word' id='word_1_245' title='bbox 1221 3682 1393 3740; x_wconf 76' lang='lat' dir='ltr'>saculomm,</span> 
     </span>
    </p>
   </div>
   <div class='ocr_carea' id='block_1_13' title="bbox 199 3773 1397 4003">
    <p class='ocr_par' dir='ltr' id='par_1_21' title="bbox 199 3773 1397 4003">
     <span class='ocr_line' id='line_1_38' title="bbox 199 3773 308 3831; baseline -0.073 0"><span class='ocrx_word' id='word_1_246' title='bbox 199 3773 308 3831; x_wconf 85' lang='lat' dir='ltr'>Amen.</span> 
     </span>
     <span class='ocr_line' id='line_1_39' title="bbox 262 3841 397 3905; baseline -0.044 0"><span class='ocrx_word' id='word_1_247' title='bbox 262 3841 397 3905; x_wconf 65' lang='lat' dir='ltr'>eradat.</span> 
     </span>
     <span class='ocr_line' id='line_1_40' title="bbox 261 3918 1397 4003; baseline 0 -18"><span class='ocrx_word' id='word_1_248' title='bbox 261 3925 423 3988; x_wconf 76' lang='lat' dir='ltr'>Tirncbunt</span> <span class='ocrx_word' id='word_1_249' title='bbox 449 3924 553 3998; x_wconf 82' lang='lat' dir='ltr'>gentes</span> <span class='ocrx_word' id='word_1_250' title='bbox 579 3936 688 3976; x_wconf 92' lang='lat' dir='ltr'>nomen</span> <span class='ocrx_word' id='word_1_251' title='bbox 714 3923 811 3991; x_wconf 89' lang='lat' dir='ltr'>tuum,</span> <span class='ocrx_word' id='word_1_252' title='bbox 840 3918 989 3978; x_wconf 89' lang='lat' dir='ltr'>Domine:</span> <span class='ocrx_word' id='word_1_253' title='bbox 1021 3926 1051 3979; x_wconf 87' lang='lat' dir='ltr'>et</span> <span class='ocrx_word' id='word_1_254' title='bbox 1078 3941 1180 3981; x_wconf 82' lang='lat' dir='ltr'>omnes</span> <span class='ocrx_word' id='word_1_255' title='bbox 1208 3943 1293 4003; x_wconf 85' lang='lat' dir='ltr'>reges</span> <span class='ocrx_word' id='word_1_256' title='bbox 1319 3931 1397 3984; x_wconf 80' lang='lat' dir='ltr'>terra</span> 
     </span>
    </p>
   </div>
   <div class='ocr_carea' id='block_1_14' title="bbox 200 4012 1355 4161">
    <p class='ocr_par' dir='ltr' id='par_1_22' title="bbox 200 4012 1355 4161">
     <span class='ocr_line' id='line_1_41' title="bbox 200 4012 1355 4161; baseline -0.003 -12"><span class='ocrx_word' id='word_1_257' title='bbox 200 4012 584 4161; x_wconf 40' lang='lat' dir='ltr'>liifjriibirdibassaedifimvit</span> <span class='ocrx_word' id='word_1_258' title='bbox 598 4079 746 4138; x_wconf 92' lang='lat' dir='ltr'>Dominus</span> <span class='ocrx_word' id='word_1_259' title='bbox 760 4080 850 4138; x_wconf 85' lang='lat' dir='ltr'>Sion:</span> <span class='ocrx_word' id='word_1_260' title='bbox 871 4086 901 4138; x_wconf 92' lang='lat' dir='ltr'>et</span> <span class='ocrx_word' id='word_1_261' title='bbox 915 4081 1067 4140; x_wconf 79' lang='lat' dir='ltr'>videbitur</span> <span class='ocrx_word' id='word_1_262' title='bbox 1079 4083 1112 4140; x_wconf 90' lang='lat' dir='ltr'>in</span> <span class='ocrx_word' id='word_1_263' title='bbox 1126 4086 1283 4161; x_wconf 87' lang='lat' dir='ltr'>majestate</span> <span class='ocrx_word' id='word_1_264' title='bbox 1296 4107 1355 4145; x_wconf 89' lang='lat' dir='ltr'>sua.</span> 
     </span>
    </p>
   </div>
   <div class='ocr_carea' id='block_1_15' title="bbox 200 4161 1400 4504">
    <p class='ocr_par' dir='ltr' id='par_1_23' title="bbox 200 4161 1400 4504">
     <span class='ocr_line' id='line_1_42' title="bbox 263 4161 1398 4309; baseline -0.003 -82"><span class='ocrx_word' id='word_1_265' title='bbox 263 4170 411 4309; x_wconf 48' lang='lat' dir='ltr'>Allepuya</span> <span class='ocrx_word' id='word_1_266' title='bbox 460 4163 490 4222; x_wconf 86' lang='lat' dir='ltr'>V.</span> <span class='ocrx_word' id='word_1_267' title='bbox 512 4161 650 4233; x_wconf 88' lang='lat' dir='ltr'>Domine,</span> <span class='ocrx_word' id='word_1_268' title='bbox 665 4161 774 4218; x_wconf 81' lang='lat' dir='ltr'>exaudi</span> <span class='ocrx_word' id='word_1_269' title='bbox 787 4161 950 4220; x_wconf 89' lang='lat' dir='ltr'>orationem</span> <span class='ocrx_word' id='word_1_270' title='bbox 963 4183 1076 4223; x_wconf 92' lang='lat' dir='ltr'>meam:</span> <span class='ocrx_word' id='word_1_271' title='bbox 1101 4172 1131 4223; x_wconf 87' lang='lat' dir='ltr'>et</span> <span class='ocrx_word' id='word_1_272' title='bbox 1147 4166 1259 4225; x_wconf 88' lang='lat' dir='ltr'>clamor</span> <span class='ocrx_word' id='word_1_273' title='bbox 1274 4187 1355 4226; x_wconf 89' lang='lat' dir='ltr'>meus</span> <span class='ocrx_word' id='word_1_274' title='bbox 1367 4161 1398 4224; x_wconf 86' lang='lat' dir='ltr'>ad</span> 
     </span>
     <span class='ocr_line' id='line_1_43' title="bbox 200 4268 1251 4427; baseline -0.01 -14"><span class='ocrx_word' id='word_1_275' title='bbox 200 4268 232 4323; x_wconf 62' lang='lat' dir='ltr'><em>w</em></span> <span class='ocrx_word' id='word_1_276' title='bbox 246 4272 420 4427; x_wconf 54' lang='lat' dir='ltr'>villlireatia</span> <span class='ocrx_word' id='word_1_277' title='bbox 433 4340 529 4403; x_wconf 76' lang='lat' dir='ltr'>coacti</span> <span class='ocrx_word' id='word_1_278' title='bbox 542 4338 704 4413; x_wconf 70' lang='lat' dir='ltr'>ansqelii.</span> <span class='ocrx_word' id='word_1_279' title='bbox 746 4338 915 4398; x_wconf 76' lang='lat' dir='ltr'>Secundum</span> <span class='ocrx_word' id='word_1_280' title='bbox 928 4340 1042 4400; x_wconf 74' lang='lat' dir='ltr'>Boccor</span> <span class='ocrx_word' id='word_1_281' title='bbox 1055 4343 1121 4421; x_wconf 83' lang='lat' dir='ltr'>(cii.</span> <span class='ocrx_word' id='word_1_282' title='bbox 1135 4343 1251 4421; x_wconf 85' lang='lat'>11-16).</span> 
     </span>
     <span class='ocr_line' id='line_1_44' title="bbox 264 4419 1400 4504; baseline -0.011 -10"><span class='ocrx_word' id='word_1_283' title='bbox 264 4434 302 4494; x_wconf 86' lang='lat' dir='ltr'>lu</span> <span class='ocrx_word' id='word_1_284' title='bbox 316 4431 368 4489; x_wconf 88' lang='lat' dir='ltr'>illo</span> <span class='ocrx_word' id='word_1_285' title='bbox 381 4437 522 4504; x_wconf 89' lang='lat' dir='ltr'>tempore,</span> <span class='ocrx_word' id='word_1_286' title='bbox 537 4420 609 4478; x_wconf 89' lang='lat' dir='ltr'>Ibat</span> <span class='ocrx_word' id='word_1_287' title='bbox 621 4420 643 4478; x_wconf 90' lang='lat' dir='ltr'><strong>J</strong></span> <span class='ocrx_word' id='word_1_288' title='bbox 644 4439 711 4478; x_wconf 88' lang='lat' dir='ltr'>esus</span> <span class='ocrx_word' id='word_1_289' title='bbox 723 4419 757 4476; x_wconf 89' lang='lat' dir='ltr'>in</span> <span class='ocrx_word' id='word_1_290' title='bbox 775 4421 929 4480; x_wconf 71' lang='lat' dir='ltr'>ciuitatem</span> <span class='ocrx_word' id='word_1_291' title='bbox 942 4441 1007 4500; x_wconf 87' lang='lat' dir='ltr'>quae</span> <span class='ocrx_word' id='word_1_292' title='bbox 1021 4431 1145 4482; x_wconf 85' lang='lat' dir='ltr'>vocatur</span> <span class='ocrx_word' id='word_1_293' title='bbox 1158 4425 1252 4485; x_wconf 86' lang='lat' dir='ltr'>Naim</span> <span class='ocrx_word' id='word_1_294' title='bbox 1266 4419 1400 4504; x_wconf 74' lang='lat' dir='ltr'>usquead</span> 
     </span>
    </p>
   </div>
   <div class='ocr_carea' id='block_1_16' title="bbox 202 4501 800 4599">
    <p class='ocr_par' dir='ltr' id='par_1_24' title="bbox 202 4501 800 4599">
     <span class='ocr_line' id='line_1_45' title="bbox 202 4501 800 4599; baseline -0.035 -20"><span class='ocrx_word' id='word_1_295' title='bbox 202 4528 234 4581; x_wconf 75' lang='lat' dir='ltr'>ct</span> <span class='ocrx_word' id='word_1_296' title='bbox 247 4515 318 4599; x_wconf 75' lang='lat' dir='ltr'>quia</span> <span class='ocrx_word' id='word_1_297' title='bbox 332 4514 414 4573; x_wconf 84' lang='lat' dir='ltr'>Deus</span> <span class='ocrx_word' id='word_1_298' title='bbox 427 4502 565 4568; x_wconf 85' lang='lat' dir='ltr'>visitavit</span> <span class='ocrx_word' id='word_1_299' title='bbox 579 4501 696 4580; x_wconf 88' lang='lat' dir='ltr'>plebem</span> <span class='ocrx_word' id='word_1_300' title='bbox 709 4519 800 4559; x_wconf 88' lang='lat' dir='ltr'>suam.</span> 
     </span>
    </p>
   </div>
   <div class='ocr_carea' id='block_1_17' title="bbox 0 0 1454 4994">
    <p class='ocr_par' dir='ltr' id='par_1_25' title="bbox 0 0 1454 4994">
     <span class='ocr_line' id='line_1_46' title="bbox 0 0 1454 4994; baseline 0 0"><span class='ocrx_word' id='word_1_301' title='bbox 0 0 1454 4994; x_wconf 95' lang='lat' dir='ltr'> </span> 
     </span>
    </p>
   </div>
  </div>
 </body>
</html>
