2918 4986
461 316 604 386 Farina
620 317 664 384 in
677 317 733 385 die
750 318 851 386 Cauca
1211 323 1253 388 95

114 485 206 546 Facto
233 504 360 546 winone
380 484 415 544 iis
436 484 555 563 pulpito
578 485 725 544 Praelutua
752 506 819 545 cum
845 485 908 545 auia
932 487 972 545 ad
992 487 1120 563 pradum
1143 484 1258 548 Altaria

50 577 220 648 pwstratus
252 567 332 626 dium
364 576 469 644 septem
502 566 636 625 Psalmos
663 566 878 644 poenitentiales
906 588 973 626 eum
1006 567 1186 645 Antiphone,
1208 568 1257 629 Ne

55 648 271 708 reminiscaris:
302 657 328 707 et
347 645 458 708 Chorus
479 648 613 706 similiter
634 669 692 725 pro
716 668 752 721 se,
774 648 974 725 subjuripetido
995 650 1109 708 cuilibet
1128 650 1258 723 Psalmo,

56 729 160 789 Gloria
181 729 273 788 Patri.
323 728 452 787 Pacheie
477 749 542 788 uero
569 749 635 787 cum
658 728 829 806 Antiphonti
852 731 953 805 finitis
983 739 1129 806 aequatam
1161 730 1258 809 Kyrie

55 811 181 888 eleyson.
218 808 337 868 Christe
351 809 476 886 eleyson.
513 809 610 887 Kyrie
624 809 750 887 eleyson.
787 810 879 868 Pater
892 815 999 869 noster.
1029 811 1179 871 Proeiutus
1192 832 1258 873 vero

52 901 164 952 uectus
178 887 217 972 [et
230 892 271 949 ad
284 899 419 948 cosmam
433 910 591 963 marsus,
606 891 672 949 MS.
689 889 742 971 Ι).]
756 899 782 950 et
795 892 893 950 cemma
900 892 1059 969 prostratis
1072 892 1168 953 dicut:

256 971 422 1030 Etnenos.
465 971 522 1029 Sed
535 971 635 1030 libere.

257 1052 303 1110 Tu
317 1052 465 1110 mandasti
478 1052 618 1110 mandata
631 1059 703 1127 tua;

299 1131 450 1191 Custodiri
462 1133 558 1192 nimis.

258 1213 395 1287 Domine,
409 1233 470 1271 non
484 1213 644 1272 secundum
657 1219 777 1291 peccata
789 1220 891 1272 nostra
903 1213 993 1274 facias
1011 1216 1095 1274 nobis
1108 1237 1114 1274 :

299 1294 405 1372 Neque
418 1295 586 1353 secundum.

260 1374 362 1434 Salvos
375 1375 421 1434 lac
434 1394 533 1434 servos
546 1382 614 1433 tuos
627 1380 658 1434 et
672 1375 792 1434 ancillas
808 1380 875 1434 tuas
886 1395 895 1450 ;

300 1457 383 1514 Deus
396 1476 488 1529 meus,
503 1462 654 1533 sperantes
669 1456 702 1514 in
716 1460 753 1514 te.

261 1536 449 1611 Convertere,
464 1537 602 1611 Domine,
616 1556 709 1614 usque
723 1556 789 1614 quo.

301 1617 342 1675 Et
356 1619 553 1695 deprecabilis.

261 1697 344 1772 Esto,
359 1699 496 1772 Domine,
512 1699 604 1757 turris
618 1697 802 1757 fortitudinis
817 1717 826 1772 3

301 1781 332 1837 A
345 1780 418 1838 facie
431 1780 552 1838 inimici.

261 1859 353 1918 Mitte
367 1861 416 1932 eis,
433 1860 570 1932 Domine,
581 1859 726 1918 auxilium
740 1860 776 1919 de
789 1865 890 1919 sancto

302 1941 344 1999 Et
355 1942 392 1999 ds
406 1942 477 1999 Sion
491 1948 574 2000 tuere
587 1960 643 2000 eos.

262 2020 390 2080 Domine
404 2022 512 2080 exandi
524 2022 688 2080 orationem
703 2040 807 2081 meam.

119 2102 269 2163 Dominus
282 2103 440 2163 vobiscum.
484 2103 614 2161 Etcum.

119 2184 253 2244 Oremus.
297 2183 405 2242 Oratio.

122 2264 233 2325 Oratio.

119 2346 245 2418 Adesto,
261 2345 398 2418 Domine,
414 2344 678 2422 supplicationibus
698 2345 826 2419 nostris3
847 2350 878 2404 et
898 2365 954 2418 me,
970 2346 1022 2424 qui
1043 2347 1131 2405 etiam
1153 2346 1264 2406 miseriu

61 2427 162 2486 cordia
184 2432 237 2485 tias
259 2428 373 2503 primus
395 2426 521 2503 indigeo,
546 2426 705 2484 clementer
727 2427 851 2485 exaudi:
873 2432 904 2485 et
926 2447 1013 2504 quem
1035 2448 1095 2485 non
1121 2429 1264 2488 electione

61 2508 163 2567 meriti
185 2507 235 2565 sed
260 2507 336 2565 dono
364 2507 466 2584 gratiae
494 2513 553 2564 tuae
581 2507 763 2565 constituisti
787 2508 882 2585 operis
902 2507 991 2584 hujus
1020 2509 1201 2583 ministrum,
1227 2510 1265 2568 da

61 2589 202 2648 fiduciam
215 2589 262 2645 tui
282 2589 412 2646 muneris
425 2589 613 2665 exsequendi,
630 2594 660 2645 et
676 2588 738 2664 ipse
758 2588 791 2645 in
805 2594 906 2646 nostro
924 2589 1090 2647 ministerio
1109 2591 1187 2667 quod
1205 2597 1265 2649 tuae

62 2670 184 2748 pietatis
197 2674 242 2727 est
255 2688 384 2746 operare.
427 2669 485 2727 Per
500 2669 652 2749 Christum
666 2669 830 2726 Dominum
844 2675 987 2727 nostrum.

123 2749 199 2809 Alio
213 2748 320 2808 Oratio.

124 2830 246 2903 Praesta,
256 2849 431 2908 quesumus,
443 2829 581 2903 Domine,
589 2829 708 2887 famulis
721 2830 783 2887 titis
796 2830 919 2907 dignum
931 2830 1111 2907 paenitentiae
1124 2832 1264 2905 fructum,

64 2918 101 2971 ut
118 2910 246 2972 ecclesie
265 2922 324 2970 tuse
346 2918 462 2983 sanctae,
478 2931 496 2969 a
513 2912 596 2987 cujus
616 2911 788 2986 integritate
808 2911 963 2969 deviarant
985 2912 1140 2987 peccando,
1160 2913 1266 2971 admis-

64 3013 164 3053 sorum
178 2993 339 3051 reddantur
352 2992 475 3066 innoxii,
491 2993 607 3050 veniam
621 2992 831 3067 consequendo.
864 2992 923 3050 Per
937 2992 1089 3050 Christum
1103 2993 1268 3052 Dominum

64 3079 210 3133 nostrum.

125 3155 198 3213 Alio
213 3153 320 3213 Oratio.

127 3235 218 3308 Deus,
230 3235 354 3292 humani
366 3233 480 3312 generis
490 3233 698 3310 benignissime
708 3233 843 3291 conditor
856 3239 887 3292 et
897 3233 1165 3293 misericordissime
1179 3237 1269 3295 refor-

67 3323 172 3389 mator,
189 3317 241 3393 qui
254 3315 404 3374 hominem
422 3315 536 3373 invidia
554 3315 664 3373 diaboli
677 3315 714 3373 ab
732 3315 899 3373 aeternitate
917 3313 1073 3391 dejectum,
1091 3316 1184 3375 Unici
1198 3317 1269 3376 Filii

67 3397 114 3456 tui
134 3397 276 3474 sanguine
296 3397 447 3455 redemisti
456 3416 465 3470 5
485 3397 603 3454 vivifica
621 3396 674 3453 hos
694 3395 819 3453 famulos
839 3405 916 3468 tuos,
932 3415 1005 3473 quos
1022 3397 1079 3454 tibi
1099 3398 1270 3459 nullatenus

68 3478 144 3537 mori
175 3478 338 3551 desideras3
379 3484 409 3535 et
441 3477 494 3554 qui
524 3497 585 3534 non
617 3477 797 3555 derelinquis
831 3477 941 3548 deuios,
969 3497 1085 3536 assume
1116 3487 1268 3540 correctos.

68 3557 214 3618 Moveant
227 3559 367 3635 pietatem
380 3565 473 3631 tuam,
489 3578 664 3634 quaesumus,
680 3559 815 3631 Domine,
831 3558 937 3615 horum
955 3558 1134 3618 famulorum
1148 3566 1270 3620 tuorum

67 3639 220 3698 lacrimosa
234 3639 365 3716 suspiria.
408 3639 454 3696 Tu
468 3658 570 3696 eorum
584 3639 700 3698 medere
714 3639 896 3713 vulneribus,
912 3645 947 3696 tu
965 3640 1134 3716 jacentibus
1147 3661 1269 3700 manum

68 3721 184 3798 porrige
198 3720 376 3792 salutarem
396 3739 433 3778 ne
448 3720 577 3778 Ecclesia
591 3728 643 3778 tua
657 3720 756 3798 aliqua
770 3720 817 3778 sui
831 3720 959 3797 corporis
972 3722 1108 3796 portione
1122 3729 1256 3781 vastetur
1261 3743 1270 3797 3

69 3820 105 3859 ne
118 3821 194 3879 grex
207 3807 277 3859 tuus
290 3801 502 3858 detrimentum
516 3802 678 3873 sustineat3
698 3821 736 3859 ne
750 3801 786 3859 de
800 3801 919 3859 familiae
933 3807 992 3859 tuae
1007 3801 1115 3860 damno
1133 3803 1270 3862 inimicus

66 3882 218 3955 exsultet,
239 3901 276 3940 ne
289 3888 405 3939 renatos
419 3882 536 3940 lavacro
550 3882 674 3939 salutari
687 3901 766 3939 mors
779 3882 907 3940 secunda
920 3881 1075 3957 possideat.
1108 3883 1178 3940 Tibi
1191 3904 1268 3962 ergo,

68 3962 207 4036 Domine,
222 3963 367 4039 supplices
382 3982 491 4039 preces,
507 3963 565 4020 tibi
582 3963 685 4020 fletum
699 3963 795 4020 cordis
813 3962 997 4021 effundimus.
1042 3963 1087 4020 Tu
1105 3983 1191 4040 parce
1204 3984 1271 4023 con-

70 4044 233 4116 fitentibus,
256 4052 290 4102 ut
310 4045 351 4102 sie
371 4043 404 4100 in
421 4043 475 4101 hac
494 4044 675 4101 mortalitate
699 4047 819 4120 peccata
839 4062 892 4100 sua
909 4048 939 4100 te
956 4043 1116 4119 adjuvante
1134 4045 1268 4115 defleant,

67 4132 215 4202 quatenus
228 4125 261 4182 in
271 4124 419 4183 tremendi
429 4125 534 4201 judicii
546 4125 593 4182 die
603 4125 780 4181 sententiam
791 4123 991 4181 damnationis
1002 4131 1119 4181 aeternae
1130 4125 1269 4198 evadant;

70 4214 99 4264 et
118 4207 253 4266 nesciant
275 4205 354 4282 quod
372 4211 464 4264 terret
481 4205 512 4262 in
534 4205 672 4277 tenebris,
688 4205 767 4282 quod
785 4205 891 4262 stridet
911 4205 944 4262 in
961 4205 1087 4262 flammis
1097 4225 1105 4277 3
1125 4210 1215 4282 atque
1232 4206 1270 4263 ab

69 4288 175 4346 erroris
188 4288 239 4345 via
252 4286 290 4344 ad
310 4287 368 4344 iter
380 4286 491 4345 reversi
507 4286 641 4362 justitiae,
657 4305 844 4362 nequaquam
857 4285 1029 4343 vulneribus
1042 4284 1122 4342 ultra
1139 4286 1270 4344 saucien-

70 4375 127 4442 tur,
138 4368 190 4428 sed
203 4370 355 4444 integrum
368 4366 407 4425 sit
421 4367 463 4424 eis
476 4373 565 4442 atque
579 4372 762 4444 perpetuum,
773 4373 804 4424 et
817 4367 896 4443 quod
909 4366 1005 4440 gnatia
1023 4372 1075 4423 tua
1089 4365 1225 4440 contulit,
1241 4373 1272 4427 et

71 4450 147 4526 quod
160 4447 363 4508 misericordia
375 4454 429 4506 tua
442 4448 621 4506 reformavit.
665 4447 724 4506 Per
738 4446 891 4506 Christum
904 4446 1068 4505 Dominum
1081 4454 1224 4506 nostrum.
