2918 4986
327 375 421 440 Doni.
445 375 510 440 cic.
529 381 605 461 post
630 375 766 442 Octocos
787 374 992 442 Pentecosten.
1202 377 1263 438 245

28 571 30 574 ⁴
119 543 254 601 Gratata.

116 624 250 682 Laetatus
263 644 329 681 sum
343 624 375 680 in
389 624 435 681 his
449 643 515 699 quse
529 623 608 681 dicta
622 629 692 681 sunt
705 623 799 682 mihi:
821 624 855 680 in
868 623 988 681 domum
1002 619 1125 681 Domini
1139 621 1258 680 ibimus.

61 705 90 762 V.
118 705 188 763 Fiat
201 725 260 782 pax
274 706 307 761 in
320 705 433 762 virtute
447 711 518 763 tua:
540 712 570 761 et
584 705 767 762 absumentis
781 705 813 761 in
827 705 960 762 turribus
969 705 1038 762 tuis.

117 786 264 862 Alleluya
327 786 355 843 V.
389 785 531 842 Paratum
562 806 612 842 cor
640 806 747 857 meum,
776 786 868 859 Deus,
893 792 1031 862 paratum
1061 806 1111 845 cor
1140 802 1260 844 meum:

55 867 181 925 cantabo
194 874 225 924 et
237 866 362 943 psallam
375 867 432 923 tibi
445 867 478 922 in
491 866 585 942 gloria
600 886 671 924 mea.

115 948 281 1006 Secundum
294 947 469 1005 Mattltoeum
482 947 570 1024 (xcii.
583 946 699 1024 35-46).

118 1028 156 1085 In
170 1028 221 1086 illo
231 1035 370 1105 tempore,
381 1029 577 1086 Accesserunt
591 1028 628 1084 ad
641 1028 664 1085 ‚J
665 1048 747 1085 esum
761 1027 922 1100 Pharisaei,
944 1037 974 1086 et
984 1027 1180 1105 interrogavit
1191 1047 1259 1085 eum

55 1130 134 1167 unus
157 1129 194 1167 ex
216 1110 265 1180 cis,
285 1109 359 1186 legis
383 1108 491 1180 doctor,
513 1116 633 1167 tentans
653 1128 721 1166 eum
731 1129 740 1181 ς
770 1109 923 1184 Magister,
935 1110 1014 1184 quod
1028 1117 1073 1168 est
1087 1110 1260 1167 mandatum

55 1210 196 1266 magnum
217 1191 250 1246 in
271 1191 352 1266 leget
379 1192 523 1265 usquead
543 1209 639 1265 noque
656 1209 744 1248 ausus
762 1189 822 1246 fuit
836 1189 993 1267 quisquam
1011 1211 1049 1248 ex
1063 1192 1116 1248 illa
1131 1191 1178 1248 die
1193 1207 1260 1247 eum

55 1270 183 1347 amplius
193 1272 382 1348 interrogare.
1189 1276 1191 1280 ⁴

119 1352 310 1426 offertorium.

117 1433 319 1490 Sanctificavit
339 1432 458 1509 Moyses
479 1432 571 1490 altare
593 1432 729 1503 Domino,
745 1432 869 1489 offerens
883 1452 971 1508 super
984 1432 1060 1490 illud
1073 1432 1263 1490 holocausta:

53 1520 87 1570 et
99 1514 255 1571 immolans
269 1513 405 1572 victimas
418 1513 488 1572 fecit
502 1513 677 1572 sacrificium
690 1513 891 1589 vespertinum
912 1514 945 1569 in
966 1513 1084 1571 odorem
1105 1512 1262 1571 suavitatis

57 1593 187 1651 Domino
200 1595 264 1653 Deo
278 1595 311 1652 in
325 1601 481 1671 conspectu
495 1595 624 1651 filiorum
640 1593 741 1652 Israel.

117 1675 237 1733 Secreto.

117 1757 306 1832 Majestatem
327 1764 417 1828 tuam,
433 1756 570 1826 Domine,
586 1755 759 1832 suppliciter
780 1755 970 1832 deprecamur
980 1775 989 1828 ;
1018 1761 1053 1812 ut
1076 1755 1139 1812 haec
1161 1760 1263 1813 sancta

55 1857 121 1912 quae
152 1837 291 1913 gerimuS,
320 1844 350 1894 et
377 1858 395 1895 a
420 1838 580 1915 praetcn'tis
607 1856 661 1893 nos
689 1835 804 1894 delictis
832 1843 945 1894 exuant
973 1841 1003 1893 et
1030 1836 1147 1894 futuris.
1204 1835 1264 1894 Per

59 1917 228 1976 Dominum.

119 1997 302 2056 Communia

118 2078 226 2137 Tollite
239 2080 359 2151 hostias,
375 2086 405 2137 et
426 2079 548 2137 introite
561 2079 594 2134 in
608 2079 685 2136 atris
703 2078 784 2154 ejus:
811 2079 931 2137 adorate
953 2078 1117 2136 Dominum
1138 2079 1168 2134 iu
1194 2076 1262 2134 aula

58 2167 158 2217 sancta
172 2161 243 2236 ejus.

117 2241 360 2299 Postcommuuio.

119 2321 406 2380 sanctificationibus
426 2322 497 2395 tuis,
512 2341 688 2397 quaesumus
705 2321 892 2398 omnipotens
913 2322 1003 2394 Deus,
1019 2327 1050 2379 et
1068 2317 1143 2380 vitid
1163 2325 1264 2378 nostra

60 2410 206 2474 curentur,
222 2409 253 2461 ct
266 2403 397 2460 remedia
410 2402 496 2461 nobis
506 2410 617 2461 aeterna
629 2402 813 2480 proveniant.
858 2402 922 2461 Per.

525 2599 625 2655 Fran
647 2597 784 2667 Quaem.

117 2706 167 2762 Ad
179 2705 321 2781 Ephesios
331 2705 368 2782 (i.
387 2705 501 2781 16-21).

119 2785 256 2844 Fratres:
278 2786 350 2843 Non
364 2805 443 2844 cosso
456 2786 567 2863 gratias
580 2803 772 2862 agemusque
786 2784 826 2840 od
839 2784 872 2840 in
885 2782 941 2840 hoc
954 2783 1046 2854 saeclo,
1062 2783 1216 2841 sedetiam
1230 2783 1263 2839 in

58 2866 284 3006 futudiiuruum
297 2948 473 3005 narcetem
487 2947 569 3024 (sets.
587 2945 702 3023 24-30).

117 3029 154 3085 ln
165 3029 217 3085 illo
226 3035 365 3105 tempore,
376 3029 466 3087 Dixit
476 3028 497 3086 J
499 3048 565 3086 esus
573 3027 724 3103 discipulis
733 3026 807 3084 suis:
824 3025 927 3084 Simile
937 3030 982 3083 est
991 3045 1115 3104 regnum
1125 3026 1263 3083 caelorum

58 3107 169 3166 homini
182 3111 234 3186 qui
248 3109 406 3167 seminavit
420 3130 509 3185 cosque
523 3111 564 3166 od
577 3110 610 3165 in
619 3108 759 3165 horreum
772 3126 878 3165 meum.

542 3289 640 3347 anm
661 3289 771 3347 Suum.

115 3413 164 3470 At
178 3411 347 3471 Corinthios
360 3415 394 3490 (l
411 3414 449 3472 io.
466 3413 571 3471 20-v.
590 3414 633 3490 5).

117 3493 257 3551 Fratres:
288 3494 359 3551 Non
381 3495 414 3552 in
432 3514 566 3552 sermone
584 3500 629 3552 est
647 3513 772 3572 regnum
794 3493 852 3568 Dei
870 3512 960 3568 casque
974 3494 1015 3550 od
1028 3491 1061 3550 in
1075 3492 1122 3552 die
1140 3493 1264 3550 Domini

56 3574 149 3631 nostri
163 3574 185 3632 J
186 3595 238 3632 esu
252 3573 372 3633 Ohristi.

116 3654 282 3713 »iocundum
294 3656 470 3714 Mottltaeum
483 3656 566 3730 (cciii.
585 3655 700 3730 31-35).

118 3734 156 3791 In
179 3736 232 3793 illo
255 3742 396 3813 tempore,
423 3737 513 3795 Dixit
536 3737 626 3795 Jesus
651 3735 803 3812 discipulis
826 3735 905 3794 suis:
938 3734 1041 3793 Simile
1063 3741 1108 3794 est
1135 3756 1260 3814 reguum

55 3816 191 3872 ciclorum
214 3836 306 3894 grano
330 3818 440 3895 sinapis
463 3838 552 3894 aspele
579 3818 621 3875 ud
647 3817 786 3875 eructabo
812 3815 984 3874 abscondita
1006 3837 1025 3875 a
1048 3817 1259 3876 constitutione

56 3896 166 3956 mundi.

441 4020 601 4078 Donmrci
622 4016 753 4076 Ducum
767 4033 859 4075 nors.

116 4098 255 4173 Officium.

115 4179 200 4237 Salus
223 4181 326 4257 populi
346 4200 399 4257 ego
423 4202 497 4253 sum,
524 4181 596 4239 dicit
624 4181 788 4239 Dominus:
817 4179 853 4237 de
873 4199 1047 4255 quacunque
1065 4178 1258 4237 tribulatione

51 4259 246 4318 clamaverint
255 4262 293 4318 ad
304 4281 359 4334 me,
371 4261 527 4320 exaudiam
542 4281 607 4320 eos:
628 4269 659 4319 et
673 4281 722 4326 ero
735 4261 853 4318 illorum
869 4261 1016 4318 Dominus
1026 4261 1059 4317 in
1071 4265 1255 4337 perpetuum.

115 4341 260 4399 Psulmus.

114 4421 283 4493 Attendite,
303 4424 410 4500 popule
425 4443 517 4496 meus,
532 4423 626 4501 legem
645 4444 759 4481 meam:
790 4421 932 4480 inclinate
952 4440 1055 4479 aurem
1078 4427 1208 4480 vostram
1226 4421 1260 4479 in

55 4502 146 4561 verba
156 4504 214 4561 01is
228 4504 294 4560 mci.
