2918 4986
384 347 568 414 Dominicis
585 347 686 433 infra
706 347 841 414 Oetaeos
857 348 1066 414 Natiuitatis.

186 515 380 654 gffcrtoriam.
424 515 526 573 Gloria
539 521 569 573 et
582 515 693 574 honore
706 514 879 574 coronastis*

174 652 176 660 ,
210 607 307 656 ecreto.

187 678 263 738 Edd.
283 678 342 735 and
370 677 434 737 MS.
455 677 711 735 O.-Muneribus
814 675 891 757 [MS.
908 677 1134 736 D.-Salutam‘s
1149 678 1253 736 hostiae
1268 698 1330 736 mu-

123 760 244 832 nostris,
267 778 442 835 quaesumus,
465 758 601 830 Domine,
622 760 712 834 preci·
752 778 809 815 nus
817 759 1182 835 sacrandum,qua÷sumus,
1190 759 1327 831 Domine,

124 841 240 917 busque
262 839 410 916 susceptis,
431 845 462 896 et
479 838 642 896 caelestibus
659 859 713 896 nos
754 840 856 897 beatus
871 840 998 897 Thomas
1016 842 1151 916 pontifex
1168 847 1199 898 et
1215 847 1331 916 martyr

129 921 243 980 munda
267 921 432 996 mysteriis3
461 926 491 977 et
514 920 714 978 intercedente
754 921 839 977 nobis
861 920 1041 979 adsalutem
1059 922 1331 998 forcdeposcat,ut

126 1003 215 1060 beato
244 1001 358 1058 Thema
388 1007 518 1077 martyre
545 1007 598 1057 tuo
626 1008 714 1077 atque
755 1008 785 1059 et
809 1002 1038 1059 con-versationis
1060 1003 1123 1079 ejus
1144 1004 1332 1079 experiamur

127 1082 268 1160 pontifice
298 1082 459 1140 clementer
493 1082 618 1139 exaudi:
654 1082 713 1139 Per
753 1081 890 1158 insignia,
927 1089 957 1140 et
991 1083 1207 1142 intercessionis
1239 1084 1333 1160 ipsius

128 1163 303 1222 Dominum.
755 1163 949 1239 percipiamus
978 1164 1123 1241 suffragia.
1187 1164 1246 1221 Per
1273 1165 1334 1221 Do-

754 1262 877 1300 minum.

190 1323 342 1399 Praefata'o.
387 1324 465 1393 Quia
480 1343 533 1400 per
546 1324 701 1383 incarnati.
745 1241 1009 1383 Commuriicantes.

192 1403 372 1464 Communia
416 1404 528 1482 Magna
541 1411 585 1462 est
598 1405 700 1483 gloria.

191 1486 433 1544 Postcoatmuaio.
592 1487 596 1495 '

192 1566 266 1626 Edd.
291 1567 350 1625 and
379 1566 445 1626 MS.
468 1565 597 1624 (t-Da
624 1566 717 1637 nobis,
822 1564 1148 1646 [MS.D.-†Adjuvet
1167 1587 1228 1636 nos,
1243 1567 1335 1624 omni-

133 1666 308 1723 quaesumus,
345 1647 473 1705 Domine
500 1646 582 1704 Deus
609 1654 717 1717 noster,
758 1653 862 1724 potens
876 1654 906 1705 et
922 1648 1081 1706 misericors
1099 1648 1188 1720 Deus,
1204 1668 1256 1725 per
1272 1648 1333 1705 haec

134 1733 167 1784 ut
183 1728 261 1786 sicut
278 1728 359 1786 beati
376 1728 495 1786 Thomas
516 1729 654 1804 martyris
672 1728 719 1784 tui
760 1735 860 1785 sancta
878 1748 943 1804 quae
963 1729 1140 1806 sumpsimus
1160 1729 1240 1786 beati
1260 1749 1335 1785 mar-

134 1813 223 1885 atque
259 1809 407 1885 pontificis
443 1810 718 1867 commemoratione
759 1810 833 1886 tyris
855 1811 901 1867 tui
923 1815 1012 1886 atque
1039 1810 1186 1886 pontificis
1214 1809 1333 1866 Thomas

133 1889 288 1964 temporali
321 1890 506 1966 gratulamur
540 1890 642 1962 officio,
678 1891 722 1947 ita
762 1891 932 1948 intercessio
949 1891 1124 1962 veneranda,
1140 1891 1193 1966 qui
1214 1910 1267 1967 pro
1289 1891 1336 1947 tui

134 1976 275 2046 perpetuo
309 1970 444 2029 laetemur
476 1977 603 2047 aspectu.
660 1970 719 2028 Per
759 1971 887 2028 nominis
921 1972 1031 2029 honore
1066 1972 1192 2048 glorioso
1226 1972 1336 2028 meruit

137 2050 306 2109 Dominum.
762 2053 897 2109 coronari
910 2050 1074 2132 martyrio]

446 2232 548 2289 Sarra
568 2248 623 2289 ms
643 2248 664 2288 A
685 2232 879 2291 Nnmvrrsrs
900 2233 1028 2292 Domai.

197 2371 293 2428 Missa
306 2371 478 2448 capitulares
493 2392 554 2430 eoa
570 2373 694 2433 dicatur.

199 2449 324 2531 [Chorus
349 2462 469 2528 reputas·
495 2474 515 2510 a
542 2453 654 2510 duobus
682 2454 716 2510 ia
745 2453 835 2530 Craris
862 2456 959 2513 sericis
985 2456 1065 2513 cridia.
1125 2453 1160 2511 Si
1184 2453 1341 2512 Douzinicu

139 2530 235 2603 fuerit,
251 2537 312 2606 fiat
325 2534 584 2609 processis-MS.
605 2532 657 2614 D.]

167 2654 242 2712 Edd.
258 2655 318 2712 aad
332 2655 418 2713 MSS.
436 2657 475 2713 A.
491 2657 550 2714 and
564 2656 595 2714 O.
640 2657 801 2714 Donrmca
821 2673 915 2714 iuras
937 2657 1076 2715 Ocrsvss
1097 2656 1310 2713 Narrvirnrrs.

199 2779 248 2835 Aa
269 2778 400 2836 Missum.
446 2779 584 2854 Officium.

199 2860 281 2917 Dum
294 2860 424 2917 medium
437 2861 588 2918 silentium
609 2866 745 2918 tenerent
759 2861 866 2933 omnia,
881 2867 912 2918 et
926 2880 986 2917 nox
1000 2861 1032 2916 in
1046 2879 1199 2916 succursu
1212 2858 1343 2915 medium

135 2941 196 2999 iter
222 2941 352 3012 haberet,
381 2941 566 3019 omnipotens
594 2961 688 2999 sermo
715 2947 794 3013 tuae,
821 2941 957 3013 Domine,
982 2941 1018 2998 do
1044 2939 1122 2997 caelis
1149 2960 1167 2997 a
1194 2939 1343 3015 regalibus

137 3021 257 3080 sedibus
277 3021 368 3080 venit.

200 3102 343 3160 Paruimus.

200 3183 348 3240 Dominus
360 3184 504 3260 regnavit,
518 3184 652 3241 decorem
666 3182 782 3240 induit:
807 3182 907 3240 induit
922 3182 1069 3240 Dominus
1086 3181 1292 3239 fortitudinem
1313 3187 1343 3237 et

134 3264 299 3342 praecinxit
313 3283 344 3322 se
357 3265 478 3322 virtute.

200 3414 214 3437 ¹
230 3413 261 3457 In
271 3411 324 3457 MS.
336 3414 367 3458 A.
383 3413 424 3459 the
438 3413 540 3471 original
554 3413 653 3469 Collect,
669 3412 759 3464 Secrct,
769 3410 816 3456 aud
832 3409 1043 3456 Postcommunion
1053 3423 1094 3454 are
1104 3409 1195 3464 erased,
1205 3408 1253 3453 and
1263 3423 1277 3452 a
1286 3409 1346 3454 later

134 3471 206 3518 hand
216 3472 261 3516 has
271 3471 379 3517 inserted
388 3472 414 3517 in
424 3472 486 3518 their
495 3473 563 3531 place
573 3473 613 3518 the
625 3486 688 3517 same
705 3472 796 3517 Collect
810 3485 836 3516 as
846 3471 873 3515 in
882 3471 922 3516 the
933 3472 992 3527 text,
1001 3469 1048 3514 and
1064 3470 1104 3514 tlic
1120 3468 1248 3526 following
1264 3468 1347 3514 Secret

134 3533 188 3576 und
204 3531 467 3576 Posteommunionz—

201 3589 302 3634 Secreto.

201 3648 277 3705 Deus,
287 3648 364 3706 quiin
375 3649 451 3694 sancti
461 3649 574 3707 martyris
589 3649 625 3694 tui
636 3653 707 3706 atque
718 3647 841 3706 pontificis
853 3648 953 3692 Thomas
964 3646 1092 3704 sanguinis
1106 3645 1223 3690 effusione
1232 3644 1347 3689 miracula

141 3707 275 3762 suscitasti,
292 3711 387 3764 praesta,
405 3721 549 3765 quaesumus,
568 3713 594 3753 ut
609 3709 717 3764 cjiisdem
730 3707 840 3765 martyrii
853 3706 956 3765 palmam
970 3707 1055 3751 devote
1076 3706 1208 3750 recolentes
1224 3704 1249 3748 in
1267 3704 1347 3759 terris,

142 3766 240 3812 aeternis
251 3766 379 3824 stipendiis
389 3780 530 3812 coronemur
540 3767 567 3811 in
577 3767 648 3812 omlis.
679 3767 726 3810 Per
737 3765 875 3811 Dominum.

202 3824 390 3870 Pestcmameuio.

203 3883 279 3941 Deus,
294 3884 337 3942 qui
352 3884 448 3929 beatum
466 3884 583 3929 'rhomam
599 3883 792 3941 archipresulem
810 3886 834 3928 et
851 3882 946 3939 Anglieo
962 3881 1088 3940 primatem
1108 3882 1135 3926 in
1150 3882 1242 3938 gremio
1259 3883 1347 3925 sunctae

148 3943 229 3988 nmtris
249 3942 363 3988 Ecclesiae
379 3944 490 4002 martyrii
508 3944 587 4002 palma
603 3943 755 4000 consecrasti,
773 3942 851 3988 tribuo
871 3942 950 3998 nobis,
971 3955 1116 3999 quaesumus,
1134 3947 1161 3986 ut
1180 3941 1233 3999 ejus
1252 3939 1347 3984 meritis

149 4003 170 4101 el}
189 4001 302 4073 precibus
321 4000 462 4060 adjuvemur
482 4002 509 4046 in
528 4002 600 4058 caelis,
619 4003 689 4060 quus
706 4001 842 4047 veneranda
861 3999 971 4059 passione
992 4000 1122 4058 gloriemur
1141 4001 1167 4045 in
1184 4000 1263 4044 terris,
1302 3998 1348 4042 Per

172 4074 284 4108 nmmum.

206 4119 260 4164 The
274 4119 343 4165 other
356 4123 424 4177 parts
439 4119 464 4164 of
478 4120 519 4165 the
533 4120 600 4165 Mass
614 4121 641 4164 in
655 4119 704 4165 this
719 4119 771 4163 MS.
785 4132 834 4175 ere,
847 4132 874 4163 as
888 4118 1156 4178 corrected—Officium.
1189 4116 1345 4162 Gaudeamus.

154 4175 255 4234 Epistola
281 4177 368 4223 duetus
379 4177 400 4223 si
410 4182 492 4224 morte.
522 4178 629 4224 Crudele.
656 4178 771 4233 Posuisti,
782 4178 890 4222 Domine.
922 4177 1040 4235 Alleluya
1078 4177 1101 4221 l'.
1124 4177 1207 4221 Gloria
1217 4180 1240 4220 et
1250 4175 1346 4219 honore.

155 4233 300 4338 §panaetium
333 4237 386 4294 Ego
397 4251 450 4282 sum
460 4240 542 4297 pastor
553 4237 638 4285 bonus.
669 4237 818 4296 offena-tam.
845 4236 928 4281 Gloria
938 4240 963 4281 ct
972 4237 1068 4280 honore.
1097 4233 1231 4282 eromnamto.
1258 4233 1349 4290 Magna

208 4371 221 4431 †
237 4371 299 4416 'l'his
310 4370 392 4417 Secret
401 4371 448 4417 and
459 4371 669 4417 Postcommunion
682 4386 721 4416 are
731 4372 758 4416 iu
768 4372 808 4417 the
820 4372 907 4417 Sarum
921 4371 968 4415 and
978 4371 1096 4416 Hereford
1107 4368 1212 4416 Missals.
1246 4368 1295 4412 For
1308 4368 1349 4413 tho

158 4424 358 4534 {oppespmmunion
369 4431 395 4474 in
406 4430 459 4480 MS.
472 4432 503 4480 A.
516 4445 555 4475 sec
565 4431 678 4488 previous
690 4436 752 4478 note.
786 4432 838 4475 Tho
851 4431 911 4476 folio
920 4430 946 4474 in
956 4430 1010 4479 MS.
1023 4431 1051 4478 B.
1064 4428 1202 4484 containing
1217 4427 1266 4473 this
1283 4426 1349 4471 Mass
