2918 4986
460 367 564 433 Feric
577 390 604 433 v.
620 367 663 433 in
677 366 732 432 die
748 367 850 432 Ocnos.
1213 369 1257 439 97

117 535 227 596 Oratim

115 617 208 691 Deus,
222 636 240 675 s
254 635 312 693 quo
332 620 363 674 et
376 617 398 676 J
399 615 472 674 udas
484 615 618 693 proditor
634 621 735 674 reatus
754 615 800 673 sui
813 633 938 692 poenam,
954 619 984 673 et
998 614 1187 675 confessionis
1199 635 1259 676 suae

54 699 133 757 latro
150 698 305 777 praemium
322 697 456 774 sumpsit,
475 697 600 755 concede
622 697 707 755 nobis
728 702 788 755 tuae
810 696 1028 774 propitiationis
1045 697 1200 771 effectum
1223 706 1260 758 ut

55 780 133 839 sicut
152 780 185 837 in
205 779 339 856 passione
359 797 412 835 sua
432 778 520 836 Jesus
541 777 678 836 Christus
698 776 846 835 Dominus
865 784 966 837 noster
988 777 1104 836 diversa
1126 779 1261 857 utrisque

54 860 161 919 intulit
174 859 320 937 stipendia
332 859 524 931 meritorum3
544 858 589 917 ita
601 859 695 931 nobis,
710 858 809 916 ablato
825 859 984 917 vetustatis
998 878 1103 932 errore,
1118 880 1261 921 resurrec-

55 942 147 1035 tionis
166 960 226 999 suae
246 940 372 1079 {agratiam
392 939 544 1017 largiatur.
592 939 653 1009 Qui
671 945 771 998 tecum
790 939 868 997 vivit
888 945 919 997 et
938 945 1043 1018 regnat
1063 940 1153 1000 Deus.
1201 941 1260 1000 Per

55 1041 157 1081 omma
170 1041 246 1080 saecu
276 1065 283 1080 .

115 1103 214 1162 bestie
226 1100 365 1178 Epistola
378 1101 452 1160 beati
465 1100 559 1160 Penii
571 1099 710 1177 Apostoli.

115 1182 168 1242 Ae
182 1182 347 1242 Corinthios
360 1183 394 1259 (1
410 1182 450 1239 ui.
466 1180 581 1259 20-32).

117 1264 257 1323 Fratres:
292 1262 543 1322 convenientibus
563 1261 647 1320 vobis
666 1262 700 1319 in
719 1281 821 1334 unum,
840 1262 904 1339 jam
922 1282 982 1322 nou
1003 1268 1048 1322 est
1069 1264 1258 1325 Dominicam

57 1365 159 1405 cenam
173 1346 350 1414 manducare¹
362 1363 452 1419 usque
465 1342 507 1401 ud
517 1349 553 1400 nt
566 1362 627 1400 non
640 1362 708 1400 cum
721 1342 776 1400 hoc
789 1344 900 1400 mundo
914 1344 1095 1405 damnemur.

120 1425 247 1485 Gradnle
262 1422 419 1506 [ednodus
432 1424 599 1482 Reetmibus
614 1422 704 1483 Ultori
717 1432 850 1482 cantetur
863 1425 897 1482 in
904 1425 1138 1501 punito-MR
1155 1424 1208 1507 D.]

119 1506 255 1565 Christus
276 1506 370 1564 factus
394 1511 438 1563 est
461 1524 515 1582 pro
536 1504 621 1562 nobis
640 1504 778 1562 obediens
798 1524 892 1581 nsque
912 1506 949 1563 ad
969 1513 1112 1564 mortem:
1132 1514 1259 1567 mortem

58 1593 159 1647 autem
172 1587 273 1646 crucis.

63 1669 93 1728 V.
118 1667 247 1747 Propter
264 1667 343 1745 quod
360 1672 391 1726 et
408 1665 491 1725 Deus
508 1664 653 1724 exaltavit
666 1665 770 1724 illum:
792 1670 822 1724 et
836 1665 918 1724 dedit
931 1665 977 1724 illi
989 1685 1107 1742 nomen,
1122 1668 1202 1745 quod
1214 1675 1259 1728 est

58 1769 148 1828 super
161 1769 247 1806 omne
260 1768 375 1806 nomen.

59 1842 62 1847 '
121 1829 247 1889 &adole
254 1839 322 1906 post
342 1829 460 1887 Versum
472 1827 673 1904 reincipiatur.

119 1910 287 1970 Secundum
299 1909 465 1967 Joltnnnem
478 1908 558 1986 (xiii.
576 1908 671 1985 1-15).

120 1992 203 2050 Ante
217 1991 294 2048 diem
303 1991 412 2048 festum
426 1989 555 2063 Paschae,
565 1989 658 2047 sciens
667 1989 690 2048 J
690 2008 756 2046 esus
766 1989 837 2066 quia
849 1988 934 2047 venit
947 1989 1021 2048 hora
1034 1990 1106 2067 ejus,
1118 1997 1154 2049 ut
1167 1996 1261 2050 trans-

59 2078 108 2131 eat
130 2092 169 2130 ex
189 2072 245 2129 hoo
265 2071 376 2129 mundo
392 2071 430 2128 ad
452 2070 572 2128 Patrem
589 2088 680 2145 usque
693 2071 734 2127 nd
753 2069 923 2147 exemplum
943 2071 1022 2129 cuim
1038 2072 1106 2130 dedi
1119 2073 1211 2148 vobis,
1225 2081 1261 2131 nt

60 2153 307 2230 quemadmodum
319 2171 372 2230 ego
385 2151 443 2210 feei
455 2151 547 2225 vobis,
560 2151 605 2209 ita
618 2156 649 2208 et
661 2170 714 2209 vos
726 2151 848 2210 faciatis.

121 2234 314 2309 Offertoruun.
946 2296 952 2308 ‚
1013 2296 1016 2303 ,

120 2315 255 2373 Dextera
275 2313 399 2371 Domini
419 2313 490 2371 fecit
509 2312 663 2385 viriutem‚
678 2312 801 2371 dexteua
814 2311 937 2370 Domini
950 2313 1094 2374 exaltavit
1110 2335 1175 2375 me:
1202 2335 1264 2388 non

61 2398 179 2469 moriar,
195 2396 245 2454 sed
258 2395 367 2468 vivam,
382 2400 413 2452 et
425 2394 552 2452 narrabo
565 2412 653 2471 opera
667 2393 798 2452 Domini.

123 2491 294 2575 [Ponuntur
307 2513 326 2549 u
339 2491 471 2549 Diueeno
486 2499 541 2548 tres
554 2489 652 2549 tostire
665 2491 706 2548 ud
716 2492 948 2563 consecrandum,
959 2512 1087 2567 quonum
1100 2494 1167 2552 duce
1179 2513 1264 2552 reser-

61 2584 166 2634 rentur
177 2574 212 2631 in
226 2573 394 2643 crastinum,
409 2573 527 2647 mmcd
542 2571 764 2647 percipiendum
781 2572 817 2630 ab
835 2572 992 2632 Eueeutore
1007 2573 1100 2649 Officii
1107 2596 1120 2645 ;
1140 2575 1263 2650 relique,

62 2667 96 2714 ut
103 2664 238 2732 ponetur
252 2674 317 2712 uem
332 2652 424 2713 Oruee
437 2653 471 2710 in
484 2651 755 2728 Sepulchra-MS.
771 2649 824 2732 D.]

120 2751 241 2812 Secreta.

124 2834 194 2910 Ipse
206 2833 272 2906 tibi,
288 2850 462 2910 quaesumus,
478 2829 614 2903 Domine,
629 2834 729 2888 sancte
743 2829 843 2902 Pater,
854 2830 1038 2907 omnipotens
1051 2837 1159 2891 aeternc
1173 2832 1262 2905 Deus,

64 2915 239 2974 sacrificium
266 2919 400 2971 nostrum
423 2912 527 2970 reddat
553 2917 714 2987 acceptum,
740 2911 792 2987 qui
819 2911 968 2986 discipulis
986 2913 1047 2969 suis
1068 2913 1101 2969 in
1122 2913 1169 2970 sui
1189 2933 1264 2971 com-

64 2994 275 3055 memoratione
296 2994 351 3052 hoc
374 2993 439 3050 fieri
459 2991 601 3050 hodierna
624 2991 782 3049 traditione
807 2992 994 3065 monstravit,
1016 2992 1105 3051 Jesus
1128 2992 1265 3052 Christus

64 3077 212 3135 Dominus
224 3081 330 3133 noster.
374 3074 434 3144 Qui
446 3078 552 3132 tecum.

124 3156 274 3232 Proesutie.
317 3154 376 3225 Qui
389 3155 521 3212 salutem.

124 3236 217 3314 Insru
230 3237 386 3295 Actionem.
430 3234 684 3293 Communicantes
698 3239 728 3291 et
742 3233 820 3290 diem
832 3234 1068 3292 sacratissimum.

125 3317 218 3393 Infra
237 3318 393 3376 Actionem.
441 3316 531 3374 Hane
544 3316 638 3392 igitur
657 3315 837 3373 oblationem
855 3324 881 3372 et
905 3315 965 3384 Qui
987 3316 1082 3391 pridie
1102 3335 1192 3394 quam
1211 3336 1265 3394 pro

66 3404 176 3472 nostra,
191 3419 281 3474 usque
295 3398 354 3456 Per
366 3416 455 3474 quem
468 3397 595 3455 omnia*

125 3492 224 3574 [Tune
235 3493 333 3552 Oleum
343 3492 536 3569 infirmorum
547 3491 698 3551 benedicat.
734 3491 848 3550 Deinde
861 3511 1011 3550 oenomaus
1021 3492 1061 3550 ad
1073 3491 1176 3552 Altera
1189 3494 1268 3552 dicut

68 3574 127 3634 Per
139 3595 229 3651 quem
241 3575 424 3647 haecomnia,
436 3583 568 3634 etceteru.
600 3573 766 3648 Antequam
779 3573 820 3629 Et
831 3592 890 3650 pax
901 3573 963 3649 ejus
977 3573 1102 3646 dicutur,
1112 3575 1171 3632 duo
1179 3576 1269 3651 pueri

68 3657 101 3713 in
114 3655 197 3714 Albis
210 3665 277 3713 unte
288 3655 423 3715 Cirismn
433 3676 453 3712 u
462 3655 629 3730 Presbytero
642 3654 677 3711 in
689 3653 771 3711 Albis
784 3652 837 3710 snb
848 3653 943 3729 pallio
956 3655 1138 3730 deportatum
1152 3664 1268 3730 canunt,

68 3755 158 3813 usque
180 3737 222 3794 ed
242 3737 334 3795 altere
357 3736 537 3813 perveniant,
561 3735 587 3793 Ο
608 3735 799 3810 Redemptor,
822 3753 904 3791 sume
925 3754 1041 3792 carnem
1063 3740 1155 3794 temet
1177 3739 1270 3795 eonci-

68 3818 212 3876 nentium.
275 3816 398 3890 Chorus,
420 3817 446 3874 Ο
469 3816 658 3892 Redemptor.
704 3815 806 3887 Pueri,
834 3814 919 3872 Audi
938 3816 1040 3891 judex.
1090 3815 1208 3891 Chorus,
1241 3819 1267 3876 Ο

69 3898 257 3975 Redemptor.
300 3898 403 3971 Pueri,
422 3897 520 3954 Arbor
538 3896 615 3954 faeta.
666 3893 786 3968 Chorus,
801 3896 827 3953 Ο
842 3895 1031 3972 Redemptor.
1070 3896 1154 3956 Tune
1167 3907 1268 3973 surqut

69 3979 239 4057 Episcopus,
254 3988 280 4037 et
298 3989 343 4038 eut
364 3999 429 4038 cum
441 3977 586 4036 ministris
602 3976 665 4035 suis
682 3974 844 4046 additare,
860 3985 886 4034 et
899 3976 999 4034 dicent
1015 3978 1105 4053 pueri
1126 3979 1214 4037 Stans
1230 3978 1269 4036 ad

69 4080 157 4119 cram.
201 4060 323 4134 Chorus,
339 4060 364 4118 0
380 4059 569 4136 Redemptor.
605 4057 707 4129 Pueri,
722 4056 897 4115 Consecrare
911 4063 946 4115 tu
964 4059 1092 4136 dignare.
1148 4057 1268 4130 Oltorus,

71 4141 95 4200 0
110 4141 300 4220 Redemptor.
1269 4170 1272 4174 ⁴

128 4239 244 4298 Deinde
257 4238 406 4297 Prodente
419 4238 563 4298 benedicet
576 4257 643 4296 cum
658 4234 834 4311 prcesotiene
844 4234 979 4296 entem
993 4235 1151 4312 confictum
1168 4235 1226 4294 oleo
1243 4244 1270 4294 et

72 4319 203 4394 talemne,
215 4331 241 4380 et
253 4320 430 4379 benedictum
444 4319 549 4378 salutet
562 4328 588 4377 et
601 4317 752 4390 osculetur,
765 4318 871 4391 dicens,
883 4319 959 4390 Ave,
972 4324 1107 4375 sanetum
1118 4316 1270 4374 chrisma:

65 4438 70 4447 Ι
114 4455 1273 4518 *MSS.BandO.-eteetera‚utinCanone,urquechgnusDei;quoduendicatur‚nccosculum

72 4518 138 4568 detur.
168 4521 271 4584 Serpsit
277 4517 368 4579 penitus
378 4524 487 4576 sumatur,
497 4517 547 4575 dte,
557 4531 583 4562 as
593 4517 677 4573 below,
686 4530 709 4576 p.
719 4517 754 4562 98.

543 4596 567 4636 H
