2918 4986
650 333 796 420 Prescce.
1266 329 1326 393 xxi

145 536 204 592 EX
227 535 496 593 REOEPOIONE
517 534 644 592 REGIS
665 533 851 591 RIOARDI
872 532 1018 590 TERTII
1040 531 1162 591 APUD
1185 529 1306 588 EBOR.

426 633 519 692 CUM
541 633 712 690 REGINA
733 633 784 690 ET
806 631 1018 690 PRINCIPE.

255 740 354 818 (York
368 740 475 797 Febric
489 739 583 812 Rolls,
599 739 718 797 Surtees
733 738 860 814 Society,
875 737 933 798 vol,
949 757 1054 810 xxxv,
1069 757 1096 813 p,
1115 735 1195 810 210.)

186 846 412 903 Memorandum
426 846 505 922 quod
518 845 602 915 xxix.
613 845 661 902 die
675 845 783 902 mensis
793 844 926 921 Augusti
936 843 1047 901 scilicet
1061 843 1093 898 in
1102 841 1189 898 Festo
1203 840 1325 898 decolla-

125 927 216 984 tionis
238 928 264 983 S.
286 928 307 984 J
309 927 434 984 ohannis
455 927 598 1002 Baptistae
627 971 633 984 .
663 969 670 983 .
700 970 707 983 .
737 927 805 983 Rex
834 970 840 982 .
870 970 876 982 .
907 969 914 983 .
944 924 1104 980 honorifico
1124 927 1259 997 receptus
1279 927 1324 978 est

125 1027 192 1065 cum
206 1009 387 1083 processione
401 1014 432 1064 et
445 1008 560 1064 domins
582 1007 701 1065 Decano
716 1012 746 1064 et
760 1006 924 1077 canonicis,
940 1024 1008 1064 cum
1022 1003 1159 1062 omnibus
1179 1001 1325 1060 ministris

125 1090 210 1146 ‹lictae
224 1089 351 1146 ecclesiae
366 1089 397 1145 in
412 1089 490 1164 capis
505 1088 605 1145 sericis
618 1087 708 1146 brodia·
720 1087 833 1159 coloris,
850 1088 897 1146 dcc.

221 1284 414 1343 oououes
436 1266 688 1342 noscemus
709 1284 760 1343 ro
782 1284 869 1342 unu
890 1274 972 1343 usu
994 1285 1047 1343 or
1068 1283 1229 1343 sanun.

329 1391 430 1468 (From
444 1390 495 1447 the
510 1389 623 1447 Rubrio
636 1390 669 1446 in
682 1389 733 1447 the
748 1390 896 1467 Ordinary
910 1391 943 1447 of
953 1391 1004 1448 the
1018 1390 1122 1469 Mass.)

189 1496 228 1552 In
242 1503 372 1572 tempore
386 1496 529 1566 Paschali‚
545 1496 581 1552 de
595 1515 770 1572 quocunque
783 1496 893 1554 dicitur
910 1496 1011 1569 Missa,
1026 1497 1085 1554 nisi
1098 1497 1131 1553 in
1145 1495 1324 1555 Inventione

127 1583 235 1634 sanctie
251 1576 352 1635 Crucis
372 1583 496 1634 utantur
517 1576 651 1634 Ministri
671 1578 856 1635 vestimentis
883 1578 957 1635 olbis
980 1579 1018 1635 ad
1041 1577 1173 1635 Missam.
1217 1577 1326 1634 Simili·

126 1665 173 1714 ter
185 1658 238 1714 fiet
252 1658 284 1714 in
298 1657 385 1715 Festo
396 1657 646 1715 Annuntiationis
659 1658 752 1715 beatae
763 1658 868 1716 Mariae
883 1664 913 1715 et
926 1659 959 1716 in
974 1658 1171 1735 Conceptione
1184 1657 1324 1734 ejusdem,

125 1746 157 1796 et
184 1739 215 1795 in
243 1745 369 1814 utroque
394 1739 483 1796 Festo
505 1739 599 1796 sancti
627 1739 790 1811 Michaelis,
819 1745 850 1797 et
877 1739 908 1797 in
940 1740 1029 1797 Festo
1058 1739 1152 1796 sancti
1176 1738 1324 1797 -Johannis

125 1819 265 1894 Apostoli
278 1821 311 1875 in
324 1819 506 1877 hebdomada
521 1819 699 1876 Natiuitatis
713 1820 844 1890 Domini,
855 1826 885 1878 et
897 1839 950 1897 per
965 1820 1092 1878 Octavas
1106 1826 1136 1878 ct
1154 1820 1187 1876 in
1202 1820 1323 1877 Octavis

125 1900 345 1974 Assumptionis
374 1907 405 1958 et
430 1900 608 1958 Natiuitatis
631 1901 724 1958 beatae
752 1901 866 1973 Mariae,
895 1907 925 1958 et
947 1901 979 1958 in
1000 1901 1324 1959 commemorationibus

124 1982 254 2055 ejusdem
268 2001 321 2057 per
333 1987 431 2038 totum
451 2001 571 2052 annum,
594 1986 624 2039 et
647 2001 700 2058 per
723 1981 850 2040 Octavus
871 1983 953 2039 etin
978 1982 1098 2040 Octavis
1122 1981 1325 2040 Dedicutionis

125 2062 269 2132 Ecclesiae,
287 2059 328 2142 [et
342 2063 374 2118 iu
388 2063 476 2119 Festo
491 2062 648 2137 cujuslibet
662 2060 819 2143 Virginis]
1093 2068 1095 2072 '

185 2143 293 2200 Italicis
306 2163 374 2200 vero
389 2149 515 2200 utantur
525 2143 720 2200 Vestimentis
734 2145 870 2200 omnibus
881 2143 1046 2201 Dominicis
1056 2164 1108 2221 per
1118 2163 1228 2201 annum
1239 2149 1325 2200 extre

124 2230 241 2299 tompus
255 2223 374 2280 Paschae
389 2224 505 2301 quando
520 2224 556 2281 de
570 2224 726 2281 Dominica
739 2226 845 2300 agitur,
860 2229 891 2281 et
907 2225 937 2281 in
952 2231 1058 2301 quarta
1071 2225 1159 2282 Feria
1172 2225 1204 2281 in
1219 2224 1323 2299 Capite

118 2304 236 2379 jejunii,
253 2310 283 2361 et
303 2304 335 2361 in
350 2304 430 2361 (lena
450 2304 579 2374 Domini,
601 2312 631 2361 et
651 2305 684 2360 in
704 2311 829 2381 utroque
851 2304 938 2362 Festo
959 2311 1065 2363 sanctes
1081 2305 1192 2376 Crucis,
1206 2306 1238 2361 in
1256 2325 1324 2379 quo-

124 2386 198 2441 libet
225 2385 313 2442 Festo
341 2385 511 2462 Martyrum
532 2385 744 2462 Apostolorum
766 2392 796 2443 et
821 2386 1078 2463 Evangelistarum
1101 2393 1187 2445 extra
1207 2393 1324 2460 tempus

124 2465 252 2523 Paschae.

186 2546 225 2602 In
234 2547 370 2604 omnibus
378 2553 477 2604 autern
485 2547 582 2605 Festis
591 2548 679 2606 unius
688 2547 859 2606 confessoris
867 2548 915 2606 vel
923 2548 1118 2624 plurimorum
1127 2547 1324 2606 confessorum

122 2632 249 2684 utantur
262 2628 446 2685 vestimentis
460 2629 547 2686 crocci
560 2628 670 2686 coloris

198 2748 250 2806 Dr.
267 2750 360 2822 Roclr,
377 2750 519 2808 “Ohurch
533 2751 566 2808 of
578 2771 633 2808 our
653 2751 803 2822 Fathers,”
817 2752 875 2810 vol.
890 2753 932 2825 ii,
946 2771 974 2829 p.
992 2752 1060 2825 262,
1075 2753 1146 2811 cites
1166 2752 1227 2811 also
1248 2752 1324 2808 from

123 2831 177 2886 t-lre
191 2830 344 2907 Breviary,
359 2831 493 2904 Manual‚
507 2832 566 2888 and
579 2831 779 2890 Processional
793 2854 840 2890 :—

428 2954 528 3012 Funus
550 2955 680 3023 Quium
699 2971 733 3011 ru
754 2954 869 3011 Carme
888 2955 1023 3014 Jeruurr.

124 3045 357 3128 Episcopus'vel
378 3053 442 3127 ejus
467 3052 604 3109 Decanus
626 3052 674 3109 vel
697 3051 888 3110 excellentior
910 3053 1042 3111 sacerdos
1072 3097 1079 3115 .
1115 3095 1123 3113 .
1159 3095 1167 3111 .
1200 3054 1232 3110 in
1255 3072 1325 3130 capa

247 3132 337 3190 serica
349 3134 446 3205 rubea,
462 3134 510 3190 dre.

492 3244 573 3302 Don.
596 3261 630 3302 1u
651 3245 753 3302 Ranrs
773 3244 959 3305 Pmuneun.

123 3342 268 3418 Sequitur
281 3342 446 3481 lgeneplictio
463 3343 569 3400 florum
591 3351 621 3401 et
640 3344 791 3401 frondium
809 3365 828 3402 a
847 3345 997 3404 sacerdote
1016 3345 1122 3404 induto
1143 3366 1215 3424 capa
1235 3346 1326 3405 serica

246 3443 284 3481 ru
302 3443 343 3494 eo,
384 3442 406 3480 c.

431 3522 547 3580 ‚Furem
569 3523 692 3593 Quium
713 3541 746 3581 ΙΝ
767 3524 853 3583 Onus
874 3526 1002 3584 Douma

125 3620 278 3697 Imprimis
298 3619 351 3678 fiat
371 3620 569 3678 reconciliatio
596 3622 805 3698 poenitentium
839 3668 846 3681 .
883 3668 889 3682 .
927 3668 934 3683 .
969 3625 1102 3684 sacerdos
1129 3668 1136 3686 .
1166 3669 1173 3683 .
1204 3669 1210 3683 .
1240 3625 1325 3683 indu·

246 3707 295 3756 tus
323 3746 330 3759 .
364 3744 371 3760 .
401 3744 408 3760 .
437 3702 471 3758 in
484 3721 556 3778 capa
569 3703 660 3761 serica
673 3704 770 3761 rubeo.

434 3835 535 3892 Ferre
556 3835 657 3895 errn
677 3854 711 3895 m
731 3855 786 3895 nur
806 3839 1012 3898 Paaascuvrs.

125 3933 216 3991 Dicta
229 3933 301 3992 hora
314 3953 394 3993 nona
407 3935 527 3993 accedat
541 3934 680 3994 Sacerdos
694 3937 731 3994 ad
745 3924 977 3995 altare'indutus
1004 3979 1012 3999 .
1041 3980 1049 4000 .
1079 3979 1088 3998 .
1116 3938 1214 3997 casula
1227 3939 1324 3999 lutea.

568 4115 760 4174 LINOOLN
789 4116 880 4175 Usu.

298 4227 399 4319 (From
413 4227 679 4303 additionalMSS.
723 4229 838 4288 British
852 4229 1001 4304 Museum,
1016 4231 1149 4308 21,974.)

186 4341 257 4400 This
271 4361 371 4418 agrees
384 4344 458 4402 with
471 4344 524 4403 the
535 4345 648 4417 Sarum,
663 4350 768 4422 except
783 4346 850 4404 that
862 4345 888 4404 it
902 4346 1014 4406 eddsto
1028 4345 1132 4406 Feasts
1149 4346 1224 4405 with
1235 4346 1326 4405 white
1353 4322 1358 4334 Ι

123 4421 156 4478 in
171 4422 305 4481 “Natali
319 4423 346 4482 S.
362 4424 385 4482 J
386 4425 512 4483 ohannis
525 4425 693 4502 Baptistae.”

475 4557 555 4564 ——.
802 4558 971 4566 ——-—--—-

472 4572 582 4580 -—-....
