2918 4986
190 346 231 415 70
496 343 715 410 Hebdomada
728 345 785 410 111.
804 345 1085 430 Quadruchmoe.

252 511 384 572 Gradala
485 572 487 577 ,
1159 548 1161 553 »

250 593 337 652 Oculi
357 592 489 651 omnium
509 591 541 649 in
561 599 592 649 te
611 598 739 668 sperant,
755 592 901 650 Domine:
921 599 952 650 et
969 599 1005 650 tu
1023 593 1075 651 das
1092 593 1152 650 illis
1166 612 1262 652 escam
1276 595 1311 652 in
1324 602 1400 655 tem-

188 693 258 751 pore
272 678 444 751 opportuno.

196 754 222 813 V.
247 753 358 830 Aperis
371 761 407 810 tu
420 773 541 811 manum
554 759 655 811 tuam:
676 759 707 811 et
720 753 824 829 impes
838 773 924 817 omne
937 753 1048 819 animal
1060 754 1275 814 benedictione.

247 833 414 892 Secundum
427 832 593 892 Jolunmm
613 832 1084 912 (021135)-
1202 833 1205 836 ⁴

248 914 287 972 In
300 913 353 971 illo
366 921 504 991 tempore,
516 915 605 971 Dixit
612 915 634 973 J
635 934 700 972 esus
713 916 810 973 turbis
820 915 842 973 J
843 914 993 972 udaeorum
1005 936 1011 972 :
1033 915 1205 992 Operamini
1217 936 1279 974 non
1294 920 1396 976 cibum

186 995 239 1071 qui
252 995 330 1073 perit
349 1016 439 1070 usquc
453 997 493 1053 od
513 1015 573 1052 non
587 996 712 1053 esuriet:
733 1003 763 1052 et
778 997 830 1071 qui
843 996 934 1053 credit
949 996 981 1052 in
994 1016 1051 1068 me,
1065 1015 1126 1054 non
1140 997 1222 1055 sitiet
1235 1018 1379 1075 unquam.

248 1075 439 1149 offertorium.
1216 1141 1219 1149 ,

246 1157 279 1214 Si
302 1157 491 1215 ambulavero
513 1157 546 1214 in
570 1157 666 1214 medio
693 1157 894 1214 tribulationis
918 1157 1081 1215 vivificabis
1104 1178 1160 1231 me,
1184 1160 1335 1218 Domine:
1362 1168 1394 1218 et

185 1256 272 1314 super
292 1237 367 1295 iram
386 1237 574 1296 inimicorum
593 1257 725 1296 meorum
746 1237 887 1295 extendes
908 1257 1029 1294 manum
1048 1243 1141 1312 tuam,
1158 1244 1189 1296 et
1207 1241 1324 1297 salvum
1345 1261 1393 1299 me

185 1318 255 1376 fecit
268 1317 390 1376 dextera
402 1323 462 1376 tua.

245 1398 364 1457 Secreta.

246 1480 305 1539 Fac
319 1499 380 1553 nos,
396 1481 533 1553 Domine,
548 1499 723 1557 quaesumus
738 1479 776 1536 ad
789 1485 891 1536 sancta
905 1479 1046 1555 mysteria
1059 1480 1221 1555 purificatis
1241 1482 1392 1540 mentibus

184 1561 337 1621 accedere:
365 1567 400 1620 ut
424 1561 482 1619 tibi
505 1580 619 1639 semper
642 1566 809 1636 competens
832 1559 997 1618 deferamus
1024 1560 1203 1636 obsequium.
1249 1562 1308 1620 Per
1332 1564 1392 1621 Do

185 1661 307 1700 uunuur.

245 1721 425 1782 Gorrunuuio.

244 1804 290 1861 Tu
311 1804 458 1862 mandasti
479 1802 618 1859 mandata
637 1807 690 1859 tua
710 1800 851 1858 custodiri
871 1801 977 1860 nimis:
1005 1802 1120 1860 utinam
1145 1803 1314 1880 dirigantur
1334 1807 1403 1868 vise·v

184 1904 254 1942 1110111
269 1885 306 1942 ad
320 1882 523 1942 custodiendas
533 1883 759 1959 justificationes
773 1888 848 1939 tuas.

243 1963 485 2023 Postcommuuio.
1134 2026 1137 2034 ¹

244 2045 425 2102 Sacramenti
439 2043 494 2115 tui,
509 2043 645 2116 Domine,
661 2043 828 2101 veneranda
840 2044 998 2120 perceptio,
1014 2049 1044 2102 et
1057 2044 1182 2121 mystico
1195 2065 1251 2105 nos
1264 2048 1387 2106 mundet

184 2126 298 2195 effectu,
314 2131 344 2182 et
357 2129 499 2200 perpetua
512 2125 625 2181 virtute
639 2124 788 2181 defendat.
828 2124 887 2182 Per
900 2125 1072 2183 Dominum.

243 2204 338 2280 Super
351 2204 508 2279 Popilium.

244 2285 416 2362 Snbjectum
442 2285 500 2341 tibi
525 2285 677 2362 populum,
703 2304 879 2361 quaesumus,
904 2286 1041 2358 Domine,
1066 2285 1239 2364 propitiatio
1265 2290 1386 2348 caelestis

182 2366 349 2442 amplificet,
364 2371 394 2422 et
407 2365 468 2422 tuis
481 2364 570 2423 faciat
583 2385 697 2442 semper
710 2367 819 2423 servire
833 2366 988 2424 mandatis.
1032 2367 1091 2424 Per
1104 2368 1278 2427 Dominum„

670 2566 772 2623 Fama
792 2564 901 2623 Snxrn

214 2714 215 2717 ,
246 2670 396 2745 Officium<

244 2752 304 2809 Fae
318 2770 440 2822 mecum,
457 2749 593 2822 Domine,
609 2751 726 2826 signum
740 2751 771 2806 in
786 2751 915 2808 bonum:
937 2756 972 2808 ut
985 2750 1107 2810 videant
1120 2752 1173 2828 qui
1192 2773 1241 2812 me
1261 2756 1386 2814 oderunt

183 2848 213 2891 et
233 2832 472 2891 confundantur:
495 2832 635 2907 quoniam
655 2837 699 2903 tu,
714 2832 850 2904 Domine,
872 2831 1014 2907 adjuvisti
1034 2851 1099 2890 me:
1119 2840 1150 2890 et
1170 2837 1338 2896 consolatus
1357 2857 1386 2896 es

184 2933 238 2972 me.

245 2994 387 3052 Psalmus.
1047 3054 1049 3057 ,

244 3075 368 3146 Inclina,
380 3074 516 3146 Domine,
529 3094 629 3132 aurem
640 3079 732 3145 tuam,
745 3080 775 3130 et
785 3072 892 3130 exaudi
903 3093 964 3130 me:
981 3074 1120 3149 quoniam
1131 3075 1217 3153 inops
1231 3084 1262 3136 01
1275 3098 1387 3158 pauper

182 3177 248 3214 sum
262 3176 322 3234 ego.

244 3238 353 3295 Oratio.

241 3317 263 3375 J
264 3318 364 3394 ejunia
382 3323 492 3388 nostra,
515 3335 691 3392 quaesumus,
710 3314 846 3385 Domine,
868 3314 996 3393 benigno
1016 3315 1116 3374 favore
1136 3336 1313 3397 prosequere
1322 3341 1331 3394 3
1350 3329 1386 3380 ut

180 3400 257 3457 sicut
270 3399 308 3455 ab
321 3397 471 3455 alimentis
483 3396 665 3454 abstinemus
678 3397 710 3452 in
724 3415 851 3473 corpore,
867 3396 911 3454 ita
924 3415 942 3452 a
955 3396 1037 3454 vitiis
1045 3397 1215 3474 jejunemus
1228 3401 1262 3458 in
1276 3409 1382 3460 mente

182 3480 240 3537 Per
254 3478 425 3536 Dominum.

242 3576 338 3634 Lectio
352 3575 420 3633 libri
433 3574 561 3632 Numeri
580 3571 643 3648 (aa.
662 3573 755 3648 6-13).

242 3657 281 3715 In
295 3657 397 3730 diebus
410 3655 478 3727 illis,
494 3655 705 3712 Oonvenerrmt
718 3654 774 3712 filii
787 3654 879 3711 Israel
900 3654 1056 3712 adversum
1070 3655 1196 3732 Moysen
1213 3664 1244 3716 et
1257 3659 1384 3719 Aaron:

180 3746 211 3798 et
231 3738 309 3796 versi
328 3738 361 3795 in
380 3736 562 3808 seditionem,
581 3735 721 3792 dixerunt
731 3755 739 3807 ;
760 3736 838 3792 Date
858 3735 943 3792 nobis
963 3755 1071 3812 aquam
1091 3742 1127 3794 ut
1146 3737 1289 3797 bibamus
1333 3741 1386 3798 In-

179 3819 328 3897 gressique
355 3818 473 3894 Moyses
500 3823 530 3874 et
556 3817 668 3888 Aaron,
696 3816 815 3874 dimissa
842 3816 1033 3887 multitudine
1064 3823 1134 3875 ante
1160 3817 1385 3878 tabernaculum

180 3901 295 3959 foederis
315 3919 405 3975 usquc
426 3899 466 3955 ad
487 3898 562 3978 Haec
585 3903 630 3955 est
652 3917 729 3973 aqna
752 3897 1000 3970 contradictionis,
1022 3897 1076 3955 ubi
1095 3898 1211 3976 jurgati
1234 3906 1305 3958 sunt
1328 3902 1385 3960 filii

180 3981 273 4040 Israel
286 3986 389 4038 contra
402 3979 572 4052 Dominum,
588 3985 618 4037 et
632 3979 831 4036 sanctificatus
844 3983 889 4036 est
902 3977 933 4034 in
948 3977 997 4035 eis.
1243 4001 1245 4006 ·

208 4137 213 4148 '
239 4061 368 4201 111αέζέ
368 4106 508 4217 ⁸speravit
528 4161 577 4199 cor
593 4160 691 4198 meum
706 4139 869 4217 etadjutus
883 4159 967 4196 sum:
991 4145 1022 4197 et
1034 4139 1168 4198 refloruit
1182 4160 1250 4198 caro
1263 4163 1337 4216 mea,
1352 4148 1386 4201 et¹

178 4246 215 4284 ex
229 4225 384 4282 voluntate
397 4240 463 4277 mea
476 4223 636 4279 confitebor
648 4221 701 4278 illi.

184 4306 214 4367 Vs
239 4305 291 4365 Ad
304 4311 343 4376 te,
360 4301 495 4373 Domine,
511 4302 660 4363 clamabo:
681 4301 764 4359 Deus
778 4320 869 4372 meus,
883 4321 921 4358 ne
935 4301 1029 4374 sileas,
1039 4321 1082 4363 ,ne
1095 4301 1226 4360 discedas
1239 4323 1258 4360 a
1272 4325 1326 4362 me.

204 4428 207 4435 ·
237 4385 406 4446 &madum
418 4379 585 4442 Jolconcam
605 4382 658 4461 (ic.
677 4383 770 4460 4-42).

238 4465 402 4527 “uertebat
415 4459 520 4520 Jesum
539 4464 665 4524 transire
685 4483 738 4541 per
759 4462 928 4521 Samariam.
971 4462 1066 4522 Venit
1086 4481 1156 4541 ergo
1176 4463 1209 4521 in
1229 4464 1381 4524 civitatem
