2918 4986
557 340 886 410 sacraturus.
1254 326 1317 413 iss

184 507 340 584 Sequanae
352 508 446 568 sumti
458 507 619 584 EaaapeZii.
654 508 819 568 Sectaedaua
832 508 1006 567 Muttlraeam
1025 507 1141 585 (cxciii.
1160 509 1274 589 16-20).

185 589 225 647 In
238 589 290 649 illo
304 596 441 667 tempore,
456 589 604 648 Undecim
618 589 753 666 discipuli
766 591 902 648 abierunt
915 590 948 647 in
963 590 1123 663 Galilaeam,
1138 591 1171 648 in
1183 597 1315 651 montem

126 669 178 727 ubi
191 671 382 728 constituerat
395 671 455 728 illis
467 672 489 728 J
491 691 555 728 esus
568 691 657 745 aequa
671 673 711 728 ud
725 671 766 728 Et
779 690 843 729 ecce
859 690 911 748 ego
924 671 1075 729 vobiscum
1095 690 1161 729 sum
1180 671 1315 733 omnibus

126 749 236 824 diebus,
251 770 343 827 usque
357 752 395 809 ad
407 752 688 810 consummationem
701 751 806 811 saeoul'a

187 831 287 889 Oredo.

187 910 379 986 Offertortum.

185 992 253 1050 Erit
266 994 349 1052 vobis
368 994 416 1051 hic
429 993 491 1064 dies
509 993 693 1066 memorialis,
708 993 851 1070 alleluya:
872 998 903 1051 et
916 993 994 1051 diem
1012 994 1120 1052 festum
1133 991 1316 1054 celebrabitis

124 1071 294 1132 sollemnem
312 1075 441 1132 Domino
458 1076 491 1130 in
508 1074 654 1151 progeniis
669 1074 793 1133 vestris:
820 1073 986 1151 legitimum
1001 1075 1213 1152 sempiternum
1228 1076 1314 1149 diem,

124 1153 260 1230 alleluya,
275 1155 409 1231 alleluya,
422 1155 556 1231 alleluya.

183 1234 303 1294 Secreta.

184 1314 316 1388 Hostias,
331 1335 504 1392 quaesumus,
519 1315 654 1388 Domino,
668 1315 798 1391 placatus
808 1334 921 1373 assume
933 1337 939 1374 :
953 1335 1026 1392 quas
1039 1322 1070 1374 et
1083 1336 1136 1392 pro
1146 1322 1315 1375 renatorum

125 1396 291 1472 expiatione
308 1397 420 1472 peccati
433 1396 597 1470 deferimus,
611 1403 642 1454 et
662 1415 715 1473 pro
734 1395 941 1471 acceleratione
962 1397 1082 1454 caelestis
1102 1397 1214 1471 auxilii
1256 1397 1316 1456 Per

126 1475 288 1534 Dominum
301 1483 442 1535 nostrum.

184 1557 332 1632 Praesotio.
376 1558 417 1615 Et
430 1563 460 1615 tc
473 1557 599 1633 quidem.
643 1556 897 1631 Communicantes
911 1567 936 1616 et
950 1557 1039 1616 Hanc
1053 1557 1152 1635 igitur.

187 1636 366 1697 Communia.

185 1717 263 1777 Data
276 1724 321 1776 est
337 1719 411 1775 mihi
431 1719 525 1776 omnis
544 1723 673 1795 potestas
694 1717 726 1775 in
748 1718 817 1777 caelo
836 1725 867 1777 st
886 1719 919 1775 in
940 1726 1028 1791 terra,
1043 1718 1189 1794 alleluya:
1211 1722 1315 1777 euntes

125 1797 225 1857 docete
236 1818 337 1856 omnes
346 1804 456 1876 gentes,
466 1800 647 1877 baptizantes
657 1818 706 1857 eos
715 1799 747 1856 in
757 1800 875 1858 nomine
885 1800 992 1874 Patris,
1006 1806 1036 1857 et
1049 1797 1128 1872 Filii,
1143 1807 1174 1858 et
1187 1798 1315 1877 Spiritus

125 1877 234 1951 Sancti,
248 1880 381 1956 alleluya,
397 1879 530 1956 alleluya.

185 1960 423 2018 Poatcommuaio.

185 2040 317 2117 Respice,
344 2059 518 2117 quaesumus,
545 2040 682 2114 Domine,
716 2041 858 2118 populum
890 2047 986 2114 tuum,
1013 2046 1044 2099 et
1077 2060 1165 2119 quem
1197 2040 1315 2100 aeternio

124 2118 261 2258 {ignatus
274 2141 304 2179 es
317 2120 459 2181 innovare
471 2122 625 2198 mysteriis,
639 2141 658 2181 a
676 2123 886 2201 temporalibus
906 2123 999 2202 culpis
1011 2122 1169 2200 dignanter
1187 2121 1314 2184 absolve.

153 2221 184 2259 er
197 2201 366 2261 Dominum.

652 2339 795 2399 Saeuam.
839 2358 842 2364 ’

186 2433 323 2509 Officium.

184 2516 298 2574 Eduxit
317 2515 464 2572 Dominus
476 2514 617 2591 populum
631 2533 717 2572 suum
729 2514 763 2571 in
776 2513 981 2587 exsultatione,
996 2513 1142 2590 alleluya:
1161 2518 1193 2572 st
1209 2513 1317 2572 electos

126 2614 192 2655 suos
206 2597 238 2653 in
251 2595 364 2670 laetitia,
378 2595 513 2672 alleluya,
528 2595 662 2672 alleluya

185 2677 328 2735 Psahuus.

185 2757 374 2815 confitemini
386 2756 510 2814 Domini
523 2762 554 2814 et
566 2757 701 2814 invocate
714 2774 822 2814 nomen
835 2756 861 2832 ej
865 2776 912 2816 us:
933 2755 1108 2814 aununtiate
1121 2755 1201 2815 inter
1212 2759 1317 2833 gentes
1342 2778 1345 2785 ⁴

127 2855 212 2915 opera
225 2838 295 2914 ejus.
1143 2845 1145 2849 '

187 2918 294 2978 Oratio.

185 2999 326 3071 Concede,
347 3017 520 3075 quaesumus,
539 2998 724 3075 omnipotens
744 2998 833 3070 Deus,
848 3002 883 3055 ut
903 2997 954 3074 qui
973 2996 1049 3054 festa
1068 2995 1214 3072 paschalia
1227 3015 1314 3061 vene·

126 3079 216 3138 raudo
238 3080 357 3157 egimus,
378 3099 431 3157 per
454 3080 516 3138 haec
538 3080 708 3156 contingere
727 3080 765 3137 ad
788 3078 896 3156 gaudia
916 3084 1025 3136 aeterna
1043 3096 1214 3135 mereamur.
1257 3077 1316 3136 Per

128 3158 295 3219 Dominum.

183 3241 278 3299 Lectio
291 3241 427 3316 Epistola
440 3241 514 3299 beati
526 3241 609 3299 Petri
621 3238 751 3316 Apostol'
763 3238 797 3317 (l
819 3240 850 3297 a'i.
868 3239 962 3317 1-10).
1146 3305 1148 3308 y

185 3321 348 3379 Carissimi:
363 3323 551 3398 Deponentes
560 3322 653 3398 igitur
662 3340 778 3379 omnem
791 3321 935 3379 malitiam
945 3326 975 3378 et
988 3340 1105 3379 omnem
1114 3318 1216 3378 dolum
1225 3338 1314 3396 usqua

127 3402 166 3460 ud
178 3421 257 3460 nunc
270 3408 369 3459 autem
383 3403 609 3460 misericordiam
622 3403 775 3460 consecuti.

183 3482 324 3559 Alleluya
343 3483 371 3542 V.
414 3482 489 3541 Haec
503 3483 564 3541 dics
577 3502 666 3560 quam
679 3483 750 3541 fecit
762 3483 925 3542 Dominus:
946 3482 1125 3541 exsultemus
1139 3488 1170 3541 et
1182 3481 1316 3541 laetemur

127 3581 212 3622 mea.
506 3611 508 3617 ,

183 3643 324 3720 Alleluya
342 3643 372 3702 V.
414 3642 555 3717 Laudato,
570 3645 662 3722 pueri,
677 3644 857 3703 Dominum:
869 3644 995 3703 laudate
1007 3664 1115 3703 nomen
1128 3643 1259 3703 Domini.

121 3768 123 3773 Α
183 3723 346 3800 Sequentia.

185 3804 242 3863 Dic
254 3825 293 3863 no
297 3805 339 3864 bis
352 3805 459 3881 quibus
472 3804 606 3864 aetheris*
618 3825 696 3864 nova

121 3927 122 3930 ,
184 3884 297 3945 Cuncto
310 3886 421 3945 mundo
434 3886 575 3944 nuntians
588 3887 704 3964 gaudia,

182 3965 327 4025 Nostram
339 3986 440 4025 rursus
453 3967 574 4029 visitasi
587 3966 712 4044 patriam
723 3968 735 4024 l

120 4097 123 4104 .
184 4045 374 4125 Respondens
387 4047 500 4124 placido
511 4048 600 4107 uultu
614 4047 692 4106 clara
705 4067 775 4105 voce
788 4047 866 4105 dixit
871 4066 881 4120 3
903 4048 1052 4124 Alleluya,

120 4166 123 4172 ,
182 4127 317 4204 Angelus
330 4127 405 4185 mihi
419 4128 454 4186 ds
469 4127 587 4187 Ohristo
600 4128 743 4186 indicavit
756 4128 805 4204 pia
818 4128 967 4202 miracula,

121 4260 123 4265 .
182 4207 390 4267 Resurrsxisse
404 4208 565 4267 Dominum
580 4209 709 4268 siderum
722 4209 828 4267 cecinit
841 4229 911 4268 voce
924 4209 1078 4267 laudanda

120 4346 123 4435 ζ
181 4367 244 4438 {so
259 4369 319 4416 ssu
337 4369 385 4416 sne
399 4369 487 4428 uss,
511 4369 597 4427 suum
612 4369 673 4419 sss
692 4383 753 4430 vary
767 4368 876 4416 between
890 4371 986 4416 athera
1001 4369 1048 4415 ans
1064 4382 1078 4414 ο
1093 4368 1176 4427 ansa
1198 4367 1318 4419 nesrac

126 4426 227 4476 ”lm
394 4486 723 4548 mussitandum
732 4486 1046 4536 andHereford-visitcns.
