2886 4994
164 382 207 442 stt)
445 371 628 439 Domestica
642 371 788 438 seeauda
804 371 1082 458 Quadrupesa'moe.

227 544 272 602 ,Μ
289 541 546 600 Thessalonicenses
565 539 600 617 (l
616 560 641 598 v.
660 539 773 617 14-23).

227 624 359 683 Fratres:
383 622 532 698 Rogamus
546 639 606 692 vos,
621 620 759 696 corripite
777 621 924 698 inquietos
944 621 1089 695 usquead
1108 620 1225 698 integer
1245 622 1368 699 spiritus

165 713 268 778 mutor,
288 709 318 762 et
339 703 445 774 anima,
463 710 493 760 et
513 721 618 778 corpus
639 701 702 758 sine
723 701 842 776 querela
856 701 888 757 in
902 701 1033 759 adventu
1047 702 1170 758 Domini
1183 704 1280 760 nostri
1294 704 1368 763 Jesu

162 784 273 847 (urrini
288 789 428 843 servetur.

226 866 357 927 Proetus.

225 946 354 1007 laudato
369 943 540 1016 Dominum,
555 962 656 1001 omncs
669 949 788 1018 gentes:
810 952 840 1002 et
854 942 1017 1001 collaudate
1032 963 1100 1001 eum
1113 963 1214 1002 omnes
1228 946 1340 1022 populi.

170 1030 195 1089 Ι’.
224 1027 371 1101 Quooium
399 1024 571 1084 confirmata
598 1029 644 1081 est
670 1043 758 1100 super
783 1043 837 1082 nos
864 1024 1063 1082 misericordia
1090 1025 1170 1101 ejus:
1202 1034 1233 1084 et
1258 1028 1368 1086 veritas

167 1109 282 1170 turnum
299 1112 399 1167 manat
412 1106 445 1163 in
460 1110 612 1162 oetemum.

221 1187 389 1249 smoniae
402 1185 577 1244 Mattlraeum
591 1184 676 1261 (avii.
695 1184 768 1262 1-9)

225 1269 258 1330 lu
275 1269 326 1329 illo
340 1274 480 1345 tompore,
495 1265 668 1342 Assumpsit
681 1264 703 1323 J
705 1285 778 1337 esus,
795 1265 919 1322 Petrum
936 1269 967 1322 et
980 1264 1126 1324 Jacobum
1145 1274 1175 1325 et
1195 1267 1218 1325 J
1220 1268 1367 1326 ohannem

161 1354 279 1413 fratrom
294 1351 364 1428 ujus
381 1354 412 1407 st
426 1346 514 1405 duxit
527 1346 593 1404 illos
606 1346 639 1402 in
653 1353 785 1404 montem
806 1347 954 1404 excelsum
974 1365 1105 1405 seorsum
1120 1369 1126 1405 :
1150 1355 1181 1405 et
1193 1348 1366 1425 transfigur-

160 1443 227 1495 atus
255 1439 300 1493 ost
323 1437 393 1491 anto
417 1447 465 1487 eos
492 1447 583 1503 arque
606 1428 647 1484 od
671 1427 795 1485 Nemini
817 1427 953 1485 dixeritis
976 1427 1128 1503 visionem,
1154 1429 1246 1488 donec
1271 1429 1367 1487 Filius

161 1513 287 1575 trorutniv
302 1533 319 1573 u
333 1509 457 1571 mortuis
471 1513 612 1585 resurgat.

223 1600 246 1652 t)
269 1593 416 1653 interium.

225 1596 347 1737 Diiutiuo
365 1673 444 1731 Deus
464 1668 568 1727 salutis
588 1688 670 1740 meae,
685 1668 717 1725 in
731 1669 779 1726 die
792 1669 917 1727 clamavi
931 1677 962 1728 et
980 1677 1068 1731 noete
1087 1691 1185 1730 coram
1198 1677 1250 1731 te:
1272 1673 1367 1731 intret

159 1757 253 1819 oratio
269 1774 332 1815 mm
346 1752 378 1811 iu
392 1756 549 1827 conspectu
563 1756 625 1822 tuo,
642 1750 778 1808 Domine.

220 1840 338 1897 dorem.

223 1913 418 1978 l'uusontiturs
438 1910 596 1983 sacrificiis,
618 1911 755 1984 Domine,
777 1917 879 1970 nostra
898 1913 1015 1989 jejunia
1035 1914 1203 1987 sanetifica;
1230 1920 1266 1972 ut
1287 1916 1367 1992 quod

157 1995 343 2058 orassemus
371 1997 472 2052 nostra
499 1993 656 2069 profitetur
683 1993 874 2066 extrinsecus,
903 1994 1080 2053 intrinsecus
1108 2002 1252 2071 operetur.
1308 1997 1366 2054 Per

164 2076 329 2141 omum.

220 2154 401 2217 (tramontio.

223 2236 345 2300 tronum
364 2235 442 2293 tusus
456 2253 547 2308 mous,
563 2234 595 2291 in
608 2241 639 2292 te
654 2235 786 2311 speravi:
808 2234 901 2293 libera
914 2255 961 2293 me
980 2237 1018 2294 ab
1035 2237 1171 2294 omnibus
1191 2257 1366 2315 persequen-

159 2320 237 2383 tibus
253 2338 306 2390 oras,
323 2320 354 2373 ut
368 2316 447 2393 oripo
460 2334 515 2373 ruo.

221 2396 458 2461 stoouoommmtt

215 2476 504 2543 durrat!fluctionibus
524 2475 594 2549 tuis,
615 2476 802 2553 omnipotens
823 2479 913 2550 Deus,
936 2485 967 2536 et
986 2479 1062 2537 vitia
1082 2485 1184 2538 nostra
1204 2486 1365 2553 curentur,

155 2568 185 2625 ut
201 2558 327 2625 vurmatia
342 2557 425 2615 nobis
439 2565 549 2615 interna
564 2557 747 2633 proveniant.
791 2558 850 2615 Per
863 2559 1034 2618 Dominum.

217 2638 319 2703 (lutetia
333 2659 420 2715 sarpa·
429 2638 574 2714 prmaeium
587 2658 648 2696 aaa
661 2639 779 2698 dicitur.

457 2853 620 2912 Domurca
641 2869 780 2912 sacerna
801 2854 1065 2924 Qunnnaensrnn.

217 2964 357 3039 (illudunt.

219 3042 416 3111 ttautoiseere
430 3045 653 3103 miserationum
666 3051 796 3117 tuarum,
806 3046 943 3118 Domine,
958 3052 989 3103 et
1002 3046 1208 3104 misericordiae
1222 3052 1283 3105 tuae
1298 3068 1363 3125 quse

154 3154 168 3197 η
185 3125 290 3195 ..pirardo
305 3131 394 3185 siunt:
419 3145 456 3184 uo
477 3146 607 3204 unquam
628 3127 818 3184 dominentur
838 3128 922 3185 nobis
941 3127 1055 3184 inimici
1073 3128 1178 3200 nostri,
1192 3128 1287 3186 libera
1300 3149 1361 3202 noe,

161 3214 237 3279 'tntu
255 3205 353 3279 isuml,
369 3226 407 3263 ex
421 3208 557 3265 omnibus
571 3208 715 3283 angustiis
728 3207 844 3265 nostris.

220 3287 361 3352 l'uulmmae.

217 3369 262 3435 Μ
280 3376 317 3441 ta,
334 3368 467 3442 Dmnino,
480 3367 577 3427 levavi
590 3369 721 3427 animam
734 3389 848 3427 meam:
871 3370 953 3428 Deus
967 3389 1056 3443 meus,
1072 3370 1105 3426 in
1118 3375 1149 3428 te
1163 3370 1287 3445 confido,
1302 3390 1361 3428 non

156 3452 330 3521 ‚sustineam

214 3530 324 3594 lts'rtllta

215 3613 303 3686 tirus,
318 3610 370 3691 qui
392 3611 534 3689 conspicis
555 3611 636 3669 omni
656 3631 709 3668 nos
730 3612 843 3670 virtute
864 3612 1005 3684 destitui3
1026 3613 1361 3690 interiusexteriusque

153 3693 263 3759 prostrasti
280 3714 284 3747 ι
301 3700 333 3752 ut
344 3699 375 3750 et
385 3692 423 3751 ub
437 3693 574 3750 erunibus
587 3692 817 3751 adversitatibus
827 3694 997 3751 muniamur
1006 3694 1039 3750 in
1049 3713 1177 3771 corpore,
1190 3702 1220 3751 et
1231 3714 1249 3751 a
1261 3695 1360 3772 pravis

153 3773 381 3857 vrvssitutiouilms
396 3774 574 3833 uuurdemur
586 3774 619 3831 in
633 3781 740 3832 mente.
784 3775 842 3831 Per
857 3776 1028 3832 Dominum.

217 3855 263 3919 Ar!
282 3854 540 3915 ‘stannatrmimmes
560 3855 577 3933 (
581 3856 594 3913 1.
611 3856 647 3913 iv.
667 3854 714 3914 1-7
715 3855 739 3933 )

216 3936 349 4001 rausa:
376 3936 523 4011 stopaulus
544 3956 596 3994 vos
617 3943 647 3994 ct
668 3937 851 3994 obsecramus
871 3936 905 3994 in
919 3936 1049 3994 Domino
1063 3937 1146 4007 Jesu,
1168 3942 1204 3993 ut
1224 3937 1361 4012 quemad-

153 4019 268 4086 modum
291 4015 443 4098 ompturio
464 4038 481 4076 a
502 4017 587 4076 nobis
608 4038 698 4094 usque
718 4019 760 4075 acl
780 4017 883 4075 sedin
903 4017 1165 4076 sanctificationem
1185 4018 1219 4074 in
1240 4018 1361 4076 Christo

154 4102 223 4166 dosa
245 4098 370 4161 tronione
386 4104 493 4158 ruratio.

213 4179 347 4240 {lt'rsrlrrlre

215 4263 257 4323 tu
279 4261 501 4321 srsoossitutibue
522 4261 594 4319 mois
615 4280 684 4319 erue
705 4281 760 4334 me,
784 4261 930 4319 Domine:
957 4260 1024 4318 vide
1042 4259 1242 4317 humilitatem
1263 4279 1358 4318 meam

150 4350 180 4405 at
195 4342 322 4405 tuburum
341 4362 445 4413 artemo,
462 4349 492 4399 ot
507 4341 625 4400 dimitte
640 4343 739 4399 omnia
753 4348 872 4418 peccata
887 4361 959 4399 mea.

160 4425 186 4491 V·
218 4424 262 4484 tu
287 4431 323 4497 o»,
342 4423 478 4495 lanuino,
502 4424 598 4481 levavi
619 4424 748 4480 animam
768 4443 873 4496 meam,
891 4423 973 4479 Deus
993 4441 1082 4479 meus.
1125 4421 1165 4477 In
1181 4420 1357 4479 teconfido:

149 4524 208 4560 raon
223 4505 400 4579 erubescam,
418 4525 512 4583 usquo
527 4504 673 4563 irrideant
686 4524 733 4562 me
747 4503 860 4562 inimici
874 4503 940 4561 mei.
