2886 4994
516 369 537 432 I
539 390 562 432 a
578 368 841 432 Circumcisiono
855 368 1010 435 Domini.

535 560 574 617 Iu
597 560 840 619 Orneuucrsiosn
860 562 990 619 Domai.

221 691 270 749 rid
284 689 415 747 Missam.
461 685 599 762 Officium.
644 687 724 746 Puer
737 696 833 762 natus,
850 699 884 746 nt
897 691 931 746 in
944 691 991 748 dio
1005 688 1187 750 Natioitatia

224 771 332 831 Oratio.

222 851 312 921 Deus,
327 849 379 926 qui
393 849 477 906 nobis
491 849 554 905 nati
569 848 731 906 salvatoris
745 850 823 907 diem
837 850 983 908 celebrare
997 852 1130 910 concedis
1144 859 1303 928 octavum;
1324 856 1371 914 fac

162 954 223 1005 nos,
247 950 421 1010 quaesumus,
445 929 509 1006 ejus
530 937 672 1005 perpetua
696 930 863 988 Divinitate
887 932 1006 1004 muniri,
1029 935 1114 1009 cujus
1135 954 1237 992 sumus
1259 938 1371 994 carnali

162 1013 335 1074 commercio
350 1011 484 1087 reparati
530 1011 590 1079 Qui
603 1018 702 1068 tecum
716 1011 793 1068 vivit
806 1019 836 1070 et
853 1020 962 1088 regnat

223 1094 317 1153 Nulla
324 1096 384 1167 fiat
398 1091 543 1148 tractatoria.

226 1174 364 1251 Epistola,
383 1173 531 1249 Apparuit
546 1173 649 1249 gratia.

225 1255 359 1324 Gradala,
375 1253 533 1310 Viderunt.
576 1254 725 1329 Alleluya
776 1254 803 1310 l'.
827 1254 900 1311 Dies
913 1255 1120 1328 sanctificatus,
1135 1265 1170 1314 at
1186 1279 1286 1333 capra.

224 1335 386 1413 ›S'oqrrentia
431 1335 641 1406 Laetabundus,
657 1355 752 1409 pecare
765 1335 800 1391 in
812 1333 919 1392 Al'atali
932 1336 1062 1394 Domini.

224 1419 390 1477 o'acrcndinn
403 1416 516 1474 Lucam
530 1416 578 1489 (ii.
597 1417 661 1492 21).

225 1500 264 1558 In
286 1498 337 1556 illo
361 1504 500 1574 temporo,
518 1496 680 1572 Postquam
703 1497 898 1554 consummati
919 1503 990 1554 sunt
1011 1498 1073 1555 dies
1095 1505 1170 1571 octo,
1191 1506 1227 1557 ut
1248 1501 1371 1559 circum-

164 1581 310 1640 cideretur
331 1599 423 1656 puer:
450 1584 587 1635 vocatum
609 1585 655 1634 est
676 1597 785 1634 nomen
807 1579 870 1653 ejus
892 1578 988 1650 Jesus,
1009 1579 1088 1654 quod
1106 1586 1245 1638 vocatum
1268 1590 1313 1640 est
1334 1584 1372 1641 ab

165 1662 277 1741 angulo,
298 1662 468 1738 priusquam
483 1659 515 1714 in
529 1667 614 1715 utero
628 1660 837 1734 conciperetur.

227 1742 329 1801 Cruda.

228 1821 418 1897 Offartorinm.
463 1819 521 1875 Tui
534 1825 604 1875 sunt
618 1819 688 1875 caeli

227 1906 346 1962 Sacrata.

227 1985 346 2051 I'rnista,
363 1999 537 2056 quaesumus,
552 1979 690 2050 Domine,
706 1985 741 2036 ut
760 1999 814 2055 per
833 1981 895 2038 haec
915 2001 1040 2039 munera
1057 2003 1121 2060 quae
1136 1984 1261 2042 Domini
1280 1989 1374 2044 nostri

166 2068 239 2125 Jasu
269 2062 382 2121 Christi
408 2079 521 2116 arcanae
549 2060 717 2117 nativitatis
743 2063 884 2136 mysterio
910 2064 1048 2138 gerimus,
1077 2065 1238 2141 purificatae
1266 2069 1374 2126 mentis

167 2143 395 2219 intelligentiam
409 2160 628 2216 consequamur.
673 2140 731 2197 Per
744 2143 879 2199 eundem

228 2223 376 2298 Prasatio.
422 2221 500 2289 Quia
513 2241 564 2297 per
578 2223 731 2278 incarnati.
776 2223 1041 2282 communicantes

229 2302 408 2365 Carantnnio.
453 2301 605 2359 Viderunt
619 2322 726 2360 omnes

230 2383 470 2444 Poatconantonio.

230 2467 352 2536 Praesta,
381 2483 556 2538 quaesumus
585 2464 771 2540 omnipotens
799 2466 890 2538 Deus,
918 2472 955 2524 ut
981 2469 1061 2543 quod
1091 2468 1253 2528 Salvatoris
1282 2474 1375 2530 nostri

168 2550 276 2608 iterata
306 2545 492 2603 solemnitate
522 2545 713 2620 percepimus,
740 2554 890 2622 perpetuae
917 2548 1002 2606 nobis
1036 2550 1207 2609 salvationis
1245 2554 1375 2612 conferat

169 2629 353 2688 medicinam.
405 2627 465 2683 Per
484 2625 618 2683 eundem.

519 2770 559 2827 Ia
580 2770 706 2827 Ocrava
727 2786 832 2828 smair
854 2771 1019 2832 Sannum.

231 2934 281 2992 Aa
294 2934 426 2991 Minoam.
472 2933 610 3007 Officium.
655 2933 776 2990 Etenim
789 2933 937 2992 sederunt,

233 3016 341 3074 Oratio.
386 3015 434 3072 Da
447 3015 541 3085 nobis,
555 3033 729 3090 quaesumus.

233 3094 290 3177 [Ab
306 3097 414 3155 Octava
432 3095 606 3152 Natiuitatis
619 3095 742 3152 Domini
759 3116 849 3170 usqne
866 3097 907 3152 ad
920 3097 1160 3172 Purificatiotwm
1177 3102 1306 3174 quotidie
1318 3106 1376 3177 fiat

172 3178 311 3237 meritona
324 3178 359 3235 do
373 3177 503 3233 Dantina
518 3197 583 3233 cram
599 3175 735 3233 Oratione
749 3177 831 3233 Deus
845 3177 898 3253 qui
910 3178 1020 3235 salutis.
1335 3199 1338 3211 ·

233 3259 382 3315 ilianron'a
395 3259 429 3313 da
444 3266 540 3313 arrncto
555 3256 689 3316 Joltanne
702 3266 728 3313 ot
742 3259 776 3313 da
789 3256 1111 3317 Innocentibaa—MS.
1128 3259 1180 3341 Ι).]

234 3338 374 3413 Epiatola,
392 3337 526 3408 Grartolo,
542 3346 568 3393 et
582 3346 672 3393 cetera
685 3346 720 3392 nt
732 3358 830 3412 supra.
876 3338 1002 3397 Gradate
1015 3361 1076 3398 noa
1087 3352 1241 3418 coactatur.

236 3419 427 3492 Offertorianr.
472 3417 634 3493 Elegerunt
655 3417 795 3492 Apostoli
817 3418 1000 3495 Stephanum
1023 3422 1159 3480 Invitam
1178 3424 1301 3500 plenum
1321 3426 1377 3484 fide

174 3509 205 3561 et
213 3501 328 3577 Spiritu
338 3500 445 3556 Sancto
460 3517 547 3572 quem
562 3497 769 3572 lapidaverunt
777 3498 798 3555 J
800 3499 876 3555 udaei
890 3509 1024 3559 orantem
1039 3509 1069 3560 et
1082 3503 1238 3578 dicentem,
1250 3506 1377 3565 Domine

174 3584 196 3642 J
197 3602 257 3649 esu,
272 3581 368 3656 accipe
382 3579 520 3655 spiritum
533 3597 639 3635 meum.
681 3579 828 3655 Alleluya.

235 3661 334 3719 loliis
349 3660 463 3718 Octavia
479 3660 572 3716 sancti
588 3658 730 3733 Stephani
745 3670 772 3717 ot
789 3671 955 3719 sanatorum
975 3663 1179 3724 Innocentium
1195 3688 1257 3726 raon
1269 3670 1378 3728 docitur

175 3743 326 3818 Prasatio,
342 3742 402 3799 ttici
416 3741 583 3812 corramanis,
599 3741 713 3797 otianzsi
726 3742 992 3818 Dominicafaerit.

236 3822 415 3883 Connrtonio.
459 3821 557 3879 Video
579 3821 669 3878 caelos.
719 3823 754 3880 Si
776 3823 933 3881 Dorninica
956 3827 1002 3897 ait,
1024 3826 1150 3887 Gradalo
1166 3839 1233 3905 post
1262 3831 1377 3889 Versata

175 3914 328 3982 repetatur.
372 3902 546 3960 Notandum
567 3904 645 3977 qrtod
667 3903 700 3959 r'n
721 3904 768 3960 laia
790 3906 881 3962 tribas
900 3905 1014 3964 Octavia
1034 3910 1075 3966 ad
1096 3910 1229 3982 Missam,
1246 3911 1378 3987 Officium

175 3996 242 4047 arato
262 3985 362 4043 Gloria
383 3985 471 4040 Patri
492 4005 552 4041 oron
573 3993 726 4059 repetatur,
742 4006 792 4043 noc
812 3985 937 4043 Gradalc
954 3998 1021 4062 post
1044 3989 1181 4060 l'eraano,·
1203 4013 1254 4050 nec
1271 3994 1379 4053 dicitnr

175 4067 338 4144 Sequentia,
353 4087 404 4124 nec
418 4065 519 4138 Credo,
536 4065 595 4122 nisi
608 4066 641 4122 in
655 4066 813 4125 Dominioa
825 4069 928 4125 eadem
943 4069 1054 4126 Octava
1067 4073 1216 4131 ocerwrint.

438 4221 476 4278 Iu
499 4220 624 4279 Ocrava
646 4237 752 4279 sntcrr
772 4222 795 4280 J
796 4239 931 4281 onmms
951 4225 1115 4283 Arosrom.

238 4345 377 4420 Officium.
422 4343 461 4400 In
476 4343 578 4401 medio.
623 4343 732 4414 Oratio,
752 4344 892 4420 Epistola,
916 4344 1050 4418 Gradalo,
1069 4357 1095 4405 ct
1117 4357 1269 4421 coierant
1290 4372 1380 4428 snpra

176 4430 211 4489 in
234 4427 288 4496 aa,
315 4446 346 4482 eo
371 4434 466 4482 tamen
493 4426 577 4482 niodo
604 4445 661 4499 quo
685 4445 776 4500 snpra
799 4427 833 4482 in
858 4426 965 4483 Octava
988 4429 1082 4485 sattai
1104 4427 1253 4505 Stepltani,
1274 4443 1381 4509 mator

177 4506 384 4583 I'eosationon
398 4526 462 4580 qua
476 4507 538 4579 erit,
556 4506 596 4563 Et
611 4513 641 4563 te
656 4506 789 4580 Domine,
806 4507 977 4583 suppliciter
990 4526 1151 4568 exoramus.
