2886 4994
164 352 204 413 58
347 346 487 416 Sabbato
505 346 670 428 Qrcattuor
683 346 886 432 Temperiem
903 325 1184 431 Quadrapcsimoe.

225 514 360 573 Gradale.

223 594 376 672 Propitius
398 600 469 667 esto,
485 594 622 666 Domine,
642 595 769 670 peccatis
789 595 918 652 nostris:
947 593 1104 670 nequando
1125 593 1228 650 dicant
1247 599 1370 670 gentes:

164 675 229 735 Ubi
242 683 288 733 est
301 675 384 734 Dens
397 678 521 733 eoruml

171 757 197 814 V.
223 757 347 832 Adjuva
360 776 423 828 nos,
438 755 521 813 Deus
540 755 678 815 salutaris
697 761 816 814 noster:
836 763 867 814 et
879 762 1001 833 propter
1013 756 1155 815 honorem
1170 754 1300 813 nominis
1312 752 1370 826 tui,¹

163 837 301 910 Domine,
318 836 412 895 libera
425 857 485 895 nos

225 932 337 993 Oratio.

223 1013 379 1072 Protector
395 1020 495 1072 noster
510 1015 616 1093 aspice,
630 1015 713 1073 Deus
723 1034 733 1088 3
755 1021 790 1072 ut
810 1015 863 1090 qui
882 1014 1028 1071 malorum
1048 1019 1219 1071 nostrorum
1237 1012 1370 1089 pondere

163 1095 334 1172 premimur,
360 1102 498 1173 percepta
521 1097 727 1168 misericordia,
756 1096 850 1153 libera
876 1096 933 1152 tibi
959 1100 1059 1152 mente
1082 1094 1266 1152 famulemur.
1311 1094 1372 1151 Per

166 1176 336 1235 Dominum

224 1257 319 1315 Lectio
334 1257 402 1314 libri
415 1258 651 1316 Maeliaboeoram
670 1259 706 1336 (2
722 1258 740 1314 i.
758 1259 815 1328 2-5,
832 1256 896 1333 23)

224 1337 265 1396 In
285 1338 388 1396 diebus
408 1338 476 1411 illis,
492 1340 664 1397 Orationem
686 1339 833 1396 faciebant
853 1337 1016 1396 sacerdotes
1036 1336 1108 1394 dum
1128 1336 1268 1393 offerrent
1284 1337 1371 1393 sacri-

164 1418 263 1476 ficium
273 1438 327 1496 pro
336 1420 445 1496 populo
456 1421 558 1492 Israel,
569 1421 704 1478 Jonatha
713 1420 880 1490 inchoante,
890 1419 994 1475 ceteris
1008 1422 1108 1475 antem
1123 1416 1371 1494 respondentibus

163 1507 194 1558 et
208 1499 394 1560 dicentibus:
416 1502 586 1559 Benefaciat
601 1502 684 1558 vobis
700 1502 789 1572 Deus,
805 1506 836 1558 et
856 1499 1024 1556 meminerit
1044 1498 1215 1555 testamenti
1228 1498 1276 1554 sui
1290 1499 1371 1573 quod

163 1580 201 1639 ad
224 1581 387 1653 Abraham,
410 1581 502 1655 Isaac,
529 1589 559 1639 et
579 1583 673 1640 Jacob
697 1582 813 1639 locutus
837 1587 882 1638 est
907 1599 1058 1638 servorum
1081 1598 1201 1636 suorum
1225 1579 1367 1636 fidelium.

166 1661 206 1720 Et
233 1662 283 1721 det
311 1663 395 1721 vobis
423 1682 473 1720 cor
500 1663 644 1733 omnibus,
672 1668 708 1720 ut
735 1662 837 1719 colatis
862 1681 939 1733 euin,
968 1666 998 1717 et
1024 1659 1139 1717 faciatis
1172 1660 1236 1735 ejus
1267 1659 1372 1716 volun-

163 1749 263 1801 tatem.
319 1743 484 1820 Adaperiat
505 1744 653 1801 Dominus
674 1763 723 1800 cor
742 1749 873 1800 vestrum
895 1743 928 1798 in
948 1741 1012 1818 lege
1033 1759 1086 1798 sua
1107 1746 1137 1797 et
1156 1740 1189 1797 in
1213 1741 1372 1817 praeceptis
1420 1792 1430 1809 ,

164 1823 232 1895 suis,
256 1829 287 1881 et
308 1823 397 1882 faciat
417 1843 526 1900 pacem.
578 1824 730 1881 Exaudiat
749 1824 896 1880 Dominus
918 1823 1065 1879 orationes
1088 1827 1200 1878 vestras
1222 1827 1254 1878 et
1273 1840 1373 1878 recon-

163 1904 280 1962 cilietur
293 1905 386 1976 vobis,
402 1924 455 1962 nec
468 1924 521 1962 vos
535 1904 650 1962 deserat
663 1905 696 1961 in
709 1911 841 1980 tempore
854 1903 932 1961 malo
949 1903 1096 1960 Dominus
1110 1903 1193 1959 Deus
1207 1908 1317 1960 noster.

229 1984 364 2042 Gradale.

225 2065 381 2141 Dirigatur
395 2064 489 2122 oratio
502 2085 568 2122 mea
581 2066 658 2123 sicut
670 2066 824 2122 incensum
838 2065 870 2122 in
884 2070 1041 2140 conspectu
1054 2069 1117 2135 tuo,
1133 2063 1270 2123 Domine.

171 2145 198 2203 V.
226 2145 362 2202 Elevatio
376 2165 518 2202 manuum
532 2166 663 2203 mearum
678 2146 852 2203 sacrificium
865 2145 1076 2223 vespertinum.

228 2241 336 2301 Orestia.

224 2322 347 2395 Adesto,
377 2324 513 2396 Domine,
541 2344 717 2400 quaesumus,
745 2325 1009 2402 supplicationibus
1036 2324 1163 2395 nostris;
1191 2329 1227 2381 ut
1254 2343 1317 2381 esse
1340 2330 1372 2382 te

164 2403 307 2480 largiente
327 2423 493 2463 mereamur
512 2412 542 2463 et
564 2406 644 2463 inter
666 2426 804 2483 prospera
824 2407 950 2465 humiles
970 2413 1001 2464 et
1022 2407 1101 2463 inter
1121 2404 1245 2462 adversa
1267 2406 1370 2477 securi.

167 2484 225 2542 Per
240 2484 411 2543 Dominum.

225 2565 321 2622 Lectio
336 2565 403 2623 libri
416 2564 574 2642 Sapientiae
594 2567 722 2645 (Euctus.
739 2570 832 2627 nacci
851 2569 944 2646 1-10).

225 2644 368 2703 Miserere
381 2649 484 2719 nostri,
499 2648 581 2706 Deua
595 2650 736 2720 omnium,
753 2655 783 2706 et
797 2650 907 2726 respice
927 2669 981 2707 nos
1001 2669 1091 2725 usque
1112 2649 1153 2705 ad
1172 2653 1208 2705 ut
1229 2654 1370 2706 enarrent

164 2725 464 2865 univgmaitniimbffia
477 2735 538 2802 tua,
554 2730 682 2787 Domine
696 2731 779 2787 Deus
792 2737 899 2790 noster.

254 2828 270 2864 r
311 2829 330 2864 a
356 2851 363 2865 .

227 2888 348 2945 Salvum
362 2889 407 2947 fac
420 2891 561 2967 populum
575 2898 671 2963 tuum,
687 2892 832 2950 Domine:
854 2899 885 2950 et
897 2892 1019 2951 benedic
1031 2890 1199 2949 haereditati
1212 2896 1281 2947 tuae.
1368 2888 1371 2895 ’

170 2969 199 3026 V.
225 2967 277 3027 A'd
290 2975 329 3042 te,
345 2971 482 3043 Domine,
498 2973 629 3030 clamabo
643 2974 726 3030 Deus
746 2993 837 3046 mens,
853 2993 890 3031 ne
909 2974 994 3031 sileas
1011 2994 1029 3031 a
1049 2993 1118 3030 me:
1143 2980 1173 3029 et
1194 2990 1244 3029 ero
1265 2970 1371 3029 similis

165 3050 409 3109 descendentibus
423 3051 455 3109 in
469 3054 574 3112 lacum.

226 3148 335 3287 ἓξὲξ
345 3231 446 3307 populi
460 3232 514 3302 tui,
529 3252 704 3308 quaesumus,
717 3233 845 3290 Domine
859 3232 1017 3290 clementer
1031 3231 1156 3289 exaudi:
1178 3235 1214 3288 ut
1227 3230 1281 3306 qui
1290 3231 1372 3306 juste

164 3328 218 3387 pro
245 3311 370 3385 peccatis
396 3313 505 3369 nostris
532 3313 697 3389 affligimur,
720 3333 775 3389 pro
798 3314 845 3371 tui
868 3313 996 3371 nominis
1022 3312 1116 3389 gloria
1141 3311 1373 3369 misericorditer

165 3391 331 3448 liberemur.
376 3392 434 3449 Per
448 3394 618 3450 Dominum.

226 3490 321 3548 Lectio
329 3490 464 3549 Danielis
472 3491 903 3569 raptisraptis-assam.
921 3491 1079 3550 Canticum
1088 3491 1178 3548 trium
1181 3509 1345 3565 puerorum
1344 3491 1369 3568 )

225 3587 360 3664 Angelus
374 3589 497 3645 Domini
517 3590 667 3647 descendit
689 3609 756 3647 cum
769 3591 879 3648 Azania
896 3597 927 3649 et
943 3591 1028 3648 sociis
1042 3591 1105 3666 ejus
1119 3590 1152 3647 in
1165 3588 1324 3660 fornacem,
1341 3594 1371 3646 et

165 3669 295 3727 excussit
308 3668 456 3726 flammam
470 3670 546 3747 ignis
560 3671 596 3728 de
609 3670 735 3742 fornace,
747 3677 778 3728 et
791 3672 862 3730 fecit
872 3672 1002 3729 medium
1012 3671 1139 3728 fornacis
1153 3669 1371 3745 quasiventum

165 3749 239 3807 roris
253 3750 381 3807 flantem.
420 3750 555 3809 Flamma
568 3758 668 3811 autem
683 3752 791 3809 diffusa
804 3760 849 3810 est
862 3773 950 3829 snper
963 3752 1110 3810 fornacem
1125 3750 1234 3808 cubitis
1247 3750 1372 3826 quadra-

164 3831 249 3907 ginta
277 3850 400 3888 novem:
432 3839 462 3889 et
491 3834 622 3891 incendit
650 3853 724 3909 quos
751 3835 861 3910 reperit
880 3835 971 3910 juxta
992 3833 1139 3890 fornacem
1164 3831 1200 3889 de
1225 3830 1372 3888 Chaldaeis

165 3912 315 3968 ministros
336 3913 412 3988 regis
433 3912 484 3989 qui
505 3934 570 3972 eam
583 3915 802 3972 incendebant:
834 3920 865 3972 et
877 3935 938 3972 non
952 3914 1052 3990 tetigit
1072 3933 1121 3970 eos
1141 3913 1263 3969 omnino
1283 3911 1370 3988 ignis,

165 4013 259 4069 neque
280 3995 475 4067 contristavit,
497 4014 550 4053 nec
572 3997 730 4072 quicquam
750 3996 891 4053 molestiae
912 3996 1023 4053 intulit.
1067 3994 1151 4051 Tunc
1165 3993 1198 4050 hi
1211 3999 1272 4050 tres
1286 3992 1372 4068 quasi

164 4094 203 4132 ex
216 4094 276 4132 uno
295 4093 344 4131 ore
362 4075 531 4149 laudabant,
547 4083 577 4134 et
597 4076 808 4153 glorificabant,
824 4083 855 4133 et
868 4076 1079 4134 benedicebant
1093 4076 1192 4132 Deum
1206 4074 1240 4130 in
1253 4073 1371 4130 fornace

164 4156 311 4214 dicentes:
333 4155 511 4214 Benedictus
525 4177 563 4227 es,
578 4158 706 4215 Domine
720 4159 802 4215 Deus
822 4164 941 4234 patrum
961 4164 1147 4226 nostrorum;
1168 4161 1200 4212 et
1213 4153 1371 4212 laudabilis

164 4244 194 4294 et
207 4236 350 4314 gloriosus
365 4243 395 4295 et
408 4238 644 4314 superexaltatus
659 4239 691 4296 in
713 4239 825 4296 saecula
869 4239 911 4295 Et
930 4238 1118 4296 benedictum
1139 4255 1248 4294 nomen
1269 4234 1369 4311 gloriae

164 4325 224 4376 tuae
248 4326 384 4377 sanctum
395 4339 404 4391 3
438 4325 468 4376 et
498 4319 645 4376 laudabile
672 4327 702 4377 et
730 4318 984 4396 superexaltatum
1014 4319 1047 4375 in
1077 4317 1213 4375 omnibus
1247 4315 1368 4374 saeculis.

165 4399 342 4459 Benedictus
356 4420 385 4458 es
399 4400 432 4456 in
449 4401 560 4477 templo
581 4406 682 4458 sancto
701 4402 802 4477 gloriae
823 4407 900 4472 tuae3
922 4406 952 4457 et
965 4397 1208 4475 superlaudabilis
1223 4403 1254 4455 et
1268 4416 1369 4473 super·

164 4480 306 4556 gloriosus
319 4483 351 4540 in
365 4481 476 4540 saccula.
521 4481 700 4539 Benedictus
720 4501 751 4540 es
771 4482 804 4538 in
824 4481 931 4539 throno
952 4480 1036 4558 regni
1048 4479 1096 4537 tui
1106 4498 1115 4551 3
1138 4484 1169 4537 ct
1181 4477 1374 4555 superlauda3
