2886 4994
180 371 223 431 44
607 366 710 432 Fer-ia
724 366 769 431 io.
788 366 961 433 Cinaram.

175 554 246 609 pore
259 535 424 592 coratineaat
438 533 489 591 ia*
504 536 622 592 anrbma
635 555 684 592 sea
698 535 732 591 ia
740 533 883 609 Wlewb
894 533 987 592 Gracc
1000 543 1092 592 erecto
1106 531 1187 614 [cam
1199 533 1390 608 ceroferariis.

180 614 287 673 -ΜΒ,
306 612 368 695 1).],
385 615 508 689 Μή,-
538 625 565 673 a
583 625 651 691 poa
678 635 835 672 ermonem
861 615 1038 690 asaumodi,
1059 617 1199 690 prasenti
1223 614 1317 674 Orare
1340 617 1391 676 at

180 695 590 834 pherccppt'eqqqee'pgsquth'psradiioo
603 696 717 753 Altaria
731 693 785 774 [ad
797 705 934 753 aratrum
947 696 1215 753 canterma-MS.
1232 693 1297 776 D.],
1312 697 1390 756 bene-

301 1105 580 1162 Do-min·us
659 1126 697 1161 vo
733 1105 958 1162 -bis-cum.
1056 1105 1129 1163 O·
1172 1124 1243 1161 re·
1276 1125 1352 1164 mus.

243 1232 353 1293 Oratio.

240 1315 331 1387 Deus,
344 1318 398 1392 qui
411 1337 471 1375 non
484 1324 611 1376 mortem
623 1317 675 1376 sed
687 1316 892 1394 paenitentiam
906 1316 1053 1374 desideras
1066 1323 1262 1394 pcccatorum,
1274 1316 1387 1394 fragili-

179 1401 273 1454 tatem
296 1398 475 1456 conditionis
499 1400 636 1456 bumanae
656 1398 865 1475 benignissime
888 1398 1018 1474 respice5
1045 1397 1149 1456 ethos
1169 1399 1289 1469 cineres,
1313 1418 1387 1475 quos

179 1497 267 1534 causa
286 1478 474 1555 praeferendae
494 1480 674 1537 humilitatis
693 1487 783 1555 atque
796 1479 996 1556 promerendae
1009 1479 1104 1536 veniae
1117 1479 1264 1554 capitibus
1277 1480 1388 1536 nostris

179 1559 293 1634 imponi
309 1561 501 1632 decernimus,
516 1580 570 1637 pro
591 1567 644 1618 tua
664 1561 798 1618 bonitate
818 1558 1030 1639 bene>1⁴dicere
1050 1560 1196 1636 digneris:
1217 1560 1320 1636 utqui
1332 1580 1387 1618 nos

179 1640 291 1698 cineres
311 1661 381 1714 esse,
404 1649 435 1699 et
455 1643 493 1698 ob
513 1642 670 1718 pravitatis
695 1648 803 1698 nostrae
824 1642 965 1698 meritum
985 1642 1019 1697 in
1041 1641 1193 1716 pulverem
1218 1661 1388 1698 reversuros

155 1759 157 1762 -
181 1723 391 1797 cognoscimuS,
404 1729 591 1799 peccatorum
606 1723 739 1779 omnium
752 1723 871 1779 veniam
885 1728 916 1779 et
928 1721 1050 1798 praemia
1062 1722 1274 1798 paenitentibus
1288 1741 1387 1798 repro·

178 1803 267 1859 missa
280 1804 511 1860 misericorditer
523 1803 662 1878 consequi

1238 1984 1379 2019 .-.-

259 2100 371 2169 ine-re
388 2149 399 2156 -
416 2133 537 2170 amur.
570 2113 805 2170 PerOhrist-um
820 2115 1021 2172 Do-min-um
1041 2119 1194 2173 nos-trum.
1226 2114 1356 2172 Amen

240 2265 373 2322 Oremus
418 2263 526 2322 Oratio.

240 2345 434 2421 Omnipotens
453 2346 629 2421 sempiterne
644 2345 734 2417 Deus,
750 2346 802 2422 qui
823 2345 968 2402 misereris
989 2345 1123 2403 omnium
1144 2351 1175 2402 et
1197 2345 1275 2402 nihil
1296 2346 1387 2405 odisti

177 2445 359 2501 eorumquae
378 2426 482 2498 fecisti,
498 2426 686 2483 dissimulans
706 2431 824 2503 peccata
842 2427 997 2483 hominum
1018 2433 1139 2503 propter
1160 2426 1366 2502 paenitentiam
1375 2449 1384 2500 ;

178 2508 230 2582 qui
244 2507 335 2563 etiam
348 2506 487 2564 subvenis
500 2507 533 2564 in
546 2508 720 2565 necessitate
733 2507 936 2565 laborantibus
948 2528 956 2580 3
980 2505 1192 2586 benev14dicere
1204 2513 1236 2564 et
1249 2507 1387 2588 sanctiffl

178 2592 266 2645 ficare
279 2587 332 2644 hos
346 2589 457 2646 cineres
471 2589 601 2665 dignare,
616 2608 689 2665 quos
703 2608 790 2645 causa
809 2588 989 2645 humilitatis
1002 2596 1033 2646 et
1046 2595 1155 2663 sanetae
1175 2587 1327 2664 religionis
1347 2590 1387 2647 ad

177 2669 364 2726 emundanda
387 2674 489 2727 nostra
511 2670 619 2726 delicta
640 2689 729 2746 super
752 2670 849 2746 capita
872 2676 974 2727 nostra
994 2669 1071 2727 ferre
1092 2669 1277 2727 constituisti
1303 2690 1387 2728 more

177 2750 409 2824 Ninevitarum;
428 2757 459 2808 et
472 2752 510 2808 da
522 2770 576 2828 per
588 2750 807 2808 invocationem
819 2751 866 2806 tui
879 2750 1017 2822 nominis,
1032 2756 1069 2807 ut
1086 2769 1187 2808 omnes
1209 2751 1262 2826 qui
1279 2770 1329 2808 eos
1347 2753 1387 2809 ad

178 2831 389 2908 deprecandam
411 2832 640 2889 misericordiam
662 2837 746 2889 tuam
767 2851 855 2907 super
877 2832 975 2908 capita
992 2851 1046 2888 sua
1062 2831 1197 2902 tulerint,
1212 2851 1230 2887 a
1242 2837 1275 2888 te
1294 2852 1386 2890 mere

176 2919 267 2971 antur
280 2915 413 2971 omnium
429 2914 611 2985 delictorum,
627 2933 747 2970 suorum
767 2913 885 2970 veniam
905 2913 1044 2988 accipere,
1059 2919 1089 2969 et
1110 2911 1197 2969 hodie
1219 2911 1261 2969 sic
1282 2932 1386 2971 comm

74 3025 78 3034 ,
172 2995 296 3071 jejunia,
306 2996 443 3052 inchoare
453 3002 489 3052 ut
501 2996 534 3052 in
548 2995 595 3052 die
610 2994 846 3052 Resurrectionis
859 2993 1021 3070 purificatis
1035 2993 1184 3050 mentibus
1197 2993 1235 3050 ad
1249 3000 1385 3051 sanctum

176 3084 345 3214 iperelqntur
365 3077 501 3134 accedere
523 3076 643 3147 Pascha,
666 3077 751 3133 etin
774 3074 876 3132 futuro
897 3080 1070 3151 perpetuam
1093 3074 1224 3149 accipere
1250 3074 1383 3150 gloriam.

205 3176 237 3213 er
281 3177 422 3215 ominum.

237 3263 341 3320 Postea
359 3273 493 3338 aspergat
510 3264 616 3321 cineres
632 3263 796 3334 benedictos,
812 3271 837 3319 et
856 3262 1022 3337 thamfleet,·
1037 3272 1138 3338 postea
1154 3263 1305 3322 Proelatas
1318 3285 1384 3322 cara

177 3342 327 3414 Ministois
347 3355 415 3402 aate
436 3345 537 3401 Altare
559 3352 734 3419 prostratas,
759 3343 873 3419 incepta
900 3342 1072 3418 Antiphone
1096 3344 1145 3402 Ne
1176 3345 1382 3415 reminiscaris,

176 3424 256 3480 dicat
273 3434 377 3498 septem
394 3425 527 3482 Psalmoa
545 3424 757 3499 pauitantiales
779 3421 853 3503 [sirie
870 3433 949 3497 acta,
975 3424 1041 3482 MS.
1057 3423 1099 3505 D]
1123 3427 1154 3482 et'
1169 3424 1285 3484 Choma
1306 3427 1384 3485 eimi-

166 3504 243 3560 'liter
257 3525 313 3578 per
325 3524 353 3562 ee
372 3502 451 3584 [cam
466 3513 545 3575 aeta,
561 3504 627 3561 MS.
645 3501 688 3584 D]
709 3525 776 3561 cam
790 3505 946 3580 proemmsa
961 3504 1136 3581 Antiphone
1155 3507 1303 3584 reincepta
1317 3512 1384 3583 post

176 3584 316 3656 Psalmoa,
329 3585 378 3642 Ne
388 3586 583 3643 reminiscaris
594 3584 740 3642 Domine:
762 3595 787 3642 et
796 3595 970 3661 percantata
978 3587 1136 3662 mqaaqat
1146 3587 1245 3664 Kyric
1255 3589 1383 3666 eleyson,

178 3664 294 3722 Christe
308 3667 435 3742 eleyson,
449 3666 545 3742 Kyrie
560 3666 686 3742 eleyson,
701 3675 726 3723 et
741 3666 832 3723 Pater
844 3674 954 3724 noster.

236 3789 382 3848 Pratitas
395 3811 461 3847 cam
476 3789 634 3864 Capeliano
648 3798 755 3847 erectae
768 3789 854 3848 diatt.

336 3896 378 3952 Et
392 3915 429 3952 ne
443 3914 503 3952 nos.
548 3894 606 3951 Sed
619 3893 718 3950 libera.

336 3976 527 4033 Peccavimus
540 3995 608 4033 cum
621 3974 755 4051 patribus
769 3977 884 4035 nostris.

376 4057 492 4133 Injuste
502 4057 621 4133 egimus.

336 4139 472 4210 Domine,
487 4157 548 4195 non
561 4138 722 4194 secundum
738 4145 858 4214 peccata
871 4146 972 4197 nostra
985 4139 1074 4197 facias
1087 4139 1180 4196 nobie.

376 4218 482 4294 Neque
496 4219 656 4275 secundum
672 4218 853 4298 iniquitates,

335 4299 384 4357 Ne
399 4300 574 4373 memineris,
590 4299 727 4376 Domine,
743 4301 937 4378 iniquitatum
950 4307 1119 4359 nostrarum
1137 4302 1339 4379 antiquarum.

376 4381 444 4439 Cito
458 4381 629 4458 anticipent.

336 4519 349 4541 ¹
364 4518 388 4564 ia
399 4518 653 4579 laodomam—MS.
665 4519 696 4565 D.
830 4519 879 4580 †et
889 4518 968 4564 ceteris
977 4516 1179 4564 cantaria-MS.
1191 4519 1222 4564 D.
