2918 4986
39 339 57 404 2
245 353 392 423 Sabbata
407 357 544 426 Sancto.
591 359 789 428 Benedictio
803 360 978 427 Pontium.

64 506 72 521 0

0 546 9 570 ι
69 589 75 603 ι
96 509 148 586 tio,
184 534 248 578 non
282 521 455 585 insidiando
489 526 693 602 circumvolet,
729 548 793 587 non
825 527 946 588 latendo
980 529 1129 602 surrepat,
1163 543 1225 582 non

0 590 155 684 ‚florendo
176 610 358 680 corrumpet.

59 671 105 730 Sit
126 672 190 736 haec
212 689 316 742 saneta
339 691 370 743 et
391 685 535 746 innocens
557 694 695 749 creatura
718 689 814 749 libera
835 690 873 748 ab
895 687 978 746 omni
1004 684 1228 764 impugnatoris

0 773 126 828 ,eursu
140 763 171 816 et
185 761 281 822 totius
302 766 446 842 nequitiae
467 776 598 846 purgata
617 770 756 830 discessu.
800 770 847 830 Sit
860 767 1083 848 sonsffivivus,
1098 764 1227 845 aquaffi

7 854 180 931 generans,
214 844 297 903 unda
310 843 352 927 ›1‹
364 848 534 924 purificans.
605 850 654 910 Ut
689 872 791 910 omnes
825 851 881 910 hoc
914 849 1035 909 lavacro
1070 847 1226 906 salutifero

8 916 140 991 eluendi,
156 931 299 997 operante
316 926 350 985 in
368 928 410 986 eis
429 930 547 1006 Spiritu
564 931 683 1005 Sancto,
698 933 836 1010 perfectae
857 930 1045 1008 purgationis
1067 928 1226 1006 indulgen·

1 1012 74 1072 eam
95 1012 322 1080 consequantur.
366 1009 427 1068 Hic
440 1011 533 1086 siqaet
547 1032 659 1088 aquam
672 1033 768 1071 moeso
782 1014 897 1072 diceas:

61 1079 152 1143 Unde
166 1082 350 1168 beneffldico
364 1095 402 1161 te,
417 1098 554 1150 creatura
566 1113 652 1170 aquae
666 1113 721 1170 per
734 1092 1007 1173 Deumfflvivum,
1018 1111 1073 1168 per
1084 1088 1229 1169 Deum›1⁴

7 1182 195 1257 erumpet
219 1165 522 1252 Deumexesanctum,
547 1193 601 1250 per
628 1175 730 1233 Deum
757 1175 812 1252 qui
837 1181 869 1232 te
899 1174 932 1231 in
960 1172 1112 1250 principio
1136 1172 1228 1229 verbo

14 1250 151 1332 speravit
173 1246 211 1305 ab
233 1249 324 1320 crida,
344 1253 428 1329 cujus
451 1253 581 1330 Spiritus
599 1251 733 1332 superte
746 1256 906 1327 ferebatur,
921 1255 975 1331 qui
988 1259 1021 1312 te
1035 1254 1073 1311 de
1089 1251 1228 1330 paradiso

1 1346 123 1396 manare
143 1325 223 1403 lecit,
242 1337 273 1390 et
293 1332 326 1391 in
347 1340 476 1410 quatuor
496 1335 671 1394 fluminibus
694 1342 791 1395 totam
815 1346 927 1395 terram
950 1334 1050 1412 rigare
1074 1333 1226 1410 praecepit.

2 1415 64 1477 lito
87 1410 218 1470 sacerdes
241 1411 338 1489 ejiciet
362 1435 473 1492 equom
494 1417 530 1475 dc
544 1416 633 1492 fonte
655 1417 691 1476 in
714 1427 855 1494 queram
868 1416 1010 1494 peredeo
1035 1412 1083 1495 [in
1106 1415 1230 1473 modum

5 1489 215 1564 eseia—MS.
232 1491 285 1577 D.]
307 1496 449 1558 dicendo:

68 1572 128 1647 Qui
142 1579 173 1632 te
187 1573 220 1633 in
240 1575 356 1636 deserto
374 1597 513 1651 amaram,
529 1578 679 1638 suavitate
701 1579 808 1654 indita,
822 1578 893 1638 fecit
914 1597 977 1636 esse
997 1576 1177 1654 potabilem,
1201 1582 1231 1634 et

8 1654 123 1721 sitienti
136 1674 174 1733 pe
196 1655 247 1715 ulo
261 1657 297 1716 de
311 1663 397 1737 petra
414 1659 566 1737 produxit
794 1729 797 1733 .

70 1675 258 1818 Rene-teia
275 1744 306 1798 te
324 1759 378 1817 per
393 1741 415 1799 J
417 1760 500 1798 esum
514 1740 668 1800 Christum
691 1741 806 1800 Filium
827 1741 890 1818 ejus
911 1737 1038 1798 unicum
1060 1736 1231 1796 Dominum

9 1823 153 1889 nostrum,
169 1819 221 1896 qui
235 1825 266 1879 te
280 1820 312 1878 in
327 1821 410 1880 (lana
423 1821 553 1879 Galilaeae
567 1822 652 1898 signo
665 1822 836 1881 admirabili
849 1841 902 1880 sua
918 1819 1058 1897 potentia
1078 1818 1232 1877 convertit

10 1903 42 1963 in
63 1899 174 1960 vinum.
219 1900 279 1973 Qui
297 1901 422 1979 pedibus
435 1907 568 1979 superte
581 1904 756 1979 ambulavit,
770 1911 801 1963 et
814 1925 832 1962 a
845 1903 867 1962 J
868 1902 985 1960 ohanne
997 1900 1033 1957 in
1046 1900 1069 1958 J
1070 1899 1186 1958 ordene
1199 1899 1232 1956 in

11 1990 42 2045 te
55 1980 222 2059 bapstiaatus
236 1987 288 2042 cst.
332 1981 393 2054 Qui
405 1987 437 2041 te
450 2003 511 2040 una
524 2001 593 2041 oum
612 1985 757 2061 sanguine
778 1986 815 2044 de
837 1984 930 2042 latere
950 2001 1004 2039 suo
1025 1980 1187 2058 produxit,
1202 1987 1232 2038 et

12 2059 163 2141 discipulis
177 2061 238 2120 suis
253 2062 354 2140 jussit,
368 2068 405 2122 nt
418 2063 570 2122 credentes
590 2065 815 2142 baptizarentur
826 2065 860 2122 in
875 2071 906 2122 te
924 2063 1034 2135 dicens,
1050 2061 1111 2134 Ite,
1128 2061 1232 2120 docete

13 2161 113 2202 omncs
147 2149 258 2219 gentes,
290 2143 474 2222 baptizantes
507 2165 557 2203 eos
589 2145 623 2202 in
656 2148 778 2206 nomine
805 2144 954 2226 Peleus,
983 2148 1016 2202 ct
1043 2140 1172 2222 Ftpffi,
1202 2149 1232 2200 et

15 2220 184 2303 Spiriffltus
201 2223 311 2284 Sancti.
354 2224 414 2284 He'c
432 2234 524 2284 mutet
543 2246 638 2285 ccccm
659 2230 747 2304 quasi
768 2229 810 2287 cd
831 2227 982 2302 medum
1004 2223 1127 2283 dicens:
1156 2223 1232 2281 Haec

14 2301 100 2365 uobis
121 2311 268 2382 praecepte
291 2305 486 2380 servantibus,
508 2313 545 2365 tu
565 2308 649 2366 Deus
671 2310 859 2388 omnipotens
876 2313 908 2364 et
924 2305 1054 2364 clemens
1066 2303 1183 2377 adesto,
1198 2310 1233 2361 tu

15 2382 159 2461 benignus
173 2386 277 2465 aspira.
320 2386 380 2446 Hic
398 2389 554 2464 aspiretis
567 2391 725 2464 aquensia
737 2392 858 2450 modam
870 2387 960 2463 tepus
971 2389 1091 2461 fiparcc.
1120 2382 1170 2463 A.
1187 2379 1233 2442 Tu

15 2466 69 2527 hes
83 2464 229 2545 simplices
243 2487 333 2546 aquas
352 2475 406 2527 tuo
427 2489 478 2528 ore
498 2470 665 2528 benedicito
676 2491 686 2544 3
714 2478 750 2529 ut
771 2476 879 2549 praeter
899 2466 1070 2526 naturalem
1091 2465 1233 2524 emunda·
1255 2486 1257 2490 ·

16 2546 137 2620 tionem,
148 2567 238 2626 quam
252 2550 386 2609 lavandis
396 2551 511 2628 possint
520 2551 660 2610 adhibere
670 2554 851 2630 corporibus,
860 2550 922 2608 sint
931 2548 1023 2606 etism
1037 2546 1234 2623 purificandis

17 2627 168 2688 mentibus
188 2632 324 2691 efficaces.
366 2631 427 2692 Hic
444 2653 538 2692 arces
555 2633 693 2709 liqacmat
705 2635 740 2691 ia
753 2653 864 2710 aquam
875 2632 911 2688 in
922 2629 1046 2687 owdcon
1064 2628 1171 2700 crucia
1192 2627 1233 2685 *et

16 2717 147 2789 potestur
160 2711 194 2772 e'a
207 2713 364 2792 squamis
376 2715 497 2774 medum
511 2713 632 2774 occia*
672 2715 841 2774 Descendat
852 2713 893 2769 -in
912 2710 990 2768 hano
1009 2708 1233 2786 plenitudinem

18 2790 110 2852 fontis
124 2793 221 2855 virtus
235 2796 365 2876 Spiritus
379 2795 488 2869 Sancti,
503 2801 658 2874 totamque
671 2797 761 2874 hujus
774 2815 858 2872 aquae
879 2789 1080 2851 substantiam
1099 2809 1233 2868 regener-

19 2871 90 2935 andi
109 2873 248 2939 secundet
268 2879 380 2939 effectu.
426 2875 499 2960 [Hic
511 2879 626 2937 diridet
643 2899 754 2954 aquam
768 2897 835 2936 cam
848 2893 924 2933 cerco
936 2873 972 2930 io
987 2871 1113 2929 modom
1131 2871 1232 2930 enecta

19 2954 125 3016 -MS
152 2957 206 3044 D.]
256 2960 318 3021 Hic
342 2959 476 3019 omnium
499 2966 687 3038 peccatorum
710 2958 834 3016 maculae
857 2954 1022 3025 deleantur,
1047 2949 1124 3032 [Hic
1154 2951 1234 3011 tollet

20 3055 131 3098 ceraton
151 3042 186 3101 de
206 3064 286 3121 eque
306 3052 332 3103 et
354 3042 453 3101 tradet
473 3040 725 3101 ministra-MS.
740 3036 794 3120 D.]
813 3037 862 3095 hic
882 3040 992 3092 natura
1011 3033 1052 3091 ad
1072 3033 1234 3110 imaginem

20 3122 105 3178 tuem
119 3123 239 3185 condita
252 3132 283 3185 et
300 3125 339 3185 ad
359 3123 502 3183 honorem
522 3123 570 3183 sui
588 3122 748 3181 reformata
767 3116 917 3197 principii,
936 3113 1053 3174 cunctis
1073 3113 1235 3173 vetastis

22 3199 209 3277 squaloribus
227 3206 412 3279 emundetur,
427 3212 464 3264 nt
481 3205 577 3264 omnis
596 3204 685 3262 homo
700 3203 757 3260 hoo
769 3202 987 3259 sacramentum
999 3193 1235 3272 regenerationis

22 3277 171 3417 {pgrcssus
191 3288 231 3427 Iin
254 3286 532 3428 veffimmnpepgntisc
555 3305 664 3344 novam
687 3281 847 3342 infantiam
869 3283 1049 3336 renascattu.
1094 3276 1158 3335 Per
1177 3276 1236 3334 Do·

67 3379 148 3425 num.
211 3390 232 3428 n
245 3390 299 3428 nm
376 3389 402 3444 ο]
460 3388 516 3428 cm

85 3467 234 3550 Factaque
256 3475 446 3535 bencdictione
456 3474 564 3550 serub,
580 3473 718 3534 Otrisrna
737 3479 764 3530 ct
781 3469 882 3539 otum,
900 3463 962 3523 nisi
979 3464 1079 3540 alebat
1097 3463 1236 3539 affuerint

25 3542 204 3639 baptizandi,
228 3577 289 3616 aco
306 3565 462 3634 peccentur
482 3556 516 3614 in
532 3576 650 3632 equam.
692 3553 798 3613 Postea
817 3568 883 3608 cero
904 3567 971 3605 cam
992 3545 1048 3604 tec
1070 3545 1236 3620 Litem'eo

26 3624 120 3688 intus
139 3631 263 3696 Vicae-t
275 3638 310 3696 io
324 3636 415 3715 Cepis
428 3639 585 3711 metanda,
601 3645 648 3696 cot
661 3632 805 3712 processio
817 3632 852 3690 ia
866 3627 1005 3699 Cleonem,
1020 3626 1101 3686 dicto
1116 3628 1225 3705 prices:

191 3741 288 3820 Kyrie
301 3742 427 3821 eleyson.
469 3743 587 3802 Christe
600 3742 729 3820 eleyson.

192 3821 310 3884 Christe
323 3825 393 3885 audi
406 3844 468 3884 nos.

192 3902 300 3966 Sancta
312 3907 408 3984 Virgo
421 3905 581 3984 virginum,
591 3924 648 3963 ⁴ora
660 3922 715 3981 pro
727 3900 821 3960 nobis.

193 3982 299 4047 Sancte
312 3987 456 4065 Raphael,
470 4007 522 4044 ora

152 4060 263 4126 Omnes
276 4070 371 4128 sancti
384 4067 496 4145 Angeli
509 4073 540 4126 et
553 4064 745 4143 Archangeli,
760 4067 842 4121 orate

152 4143 264 4208 Omnes
277 4150 372 4209 saneti
385 4148 565 4209 Patriamhee
580 4154 610 4207 et
624 4147 791 4223 Prophetae,
805 4147 887 4202 orate

194 4227 302 4290 Sancte
316 4230 542 4301 Bartholomsee,
558 4248 609 4287 ora

195 4308 301 4372 Sancte
315 4312 436 4384 Jacobs,
451 4330 503 4369 ora

195 4389 304 4454 Sancte
318 4392 471 4464 Mattheee,
486 4410 538 4450 ora

543 4519 557 4544 “
573 4516 690 4565 Ombis.
702 4516 734 4562 D.
