2886 4994
230 377 292 439 148
496 375 599 441 Fera'o
619 360 709 442 serlo
730 376 829 463 infru
852 377 919 445 Oct.
941 379 1171 446 ascendatis.

229 542 252 600 J
253 541 331 599 udcx
344 562 411 600 oum
425 545 547 614 veneris,
559 544 692 619 judicare
708 545 855 616 saeculum,

228 624 276 680 Da
289 623 381 691 nobis,
397 625 592 700 quaesumus*
605 626 783 701 sempiterna
795 626 903 702 gaudia
915 627 948 683 in
961 626 1120 703 polorum†
1131 629 1242 704 patria,

229 705 269 761 In
282 723 341 780 qua
354 705 411 761 tibi
424 713 575 762 cantemus
589 725 690 762 omnes
703 707 837 783 alleluya

289 809 454 868 Secrrndum
474 812 610 869 Marcum
631 812 698 888 (xci.
724 813 834 889 14-20).
1315 870 1319 877 .

290 889 330 947 In
354 891 405 948 illo
426 898 564 967 tempore,
587 892 840 950 Recumbentibus
862 893 998 950 undecim
1026 893 1179 971 discipulis
1206 897 1346 973 apparuit
1370 899 1420 956 illis

229 971 318 1030 Jesus
340 977 371 1029 et
395 974 583 1048 exprobravit
610 974 846 1032 incredulitatem
870 995 959 1049 raeque
982 975 1024 1031 ad
1046 995 1212 1034 sermonem
1240 978 1419 1037 confirmante

228 1054 418 1129 sequentibus
431 1054 528 1130 signis

289 1135 391 1192 Credo.

290 1215 480 1288 Offertorimu.

288 1297 432 1354 Ascendit
446 1298 529 1354 Deus
542 1298 574 1354 in
590 1297 787 1373 jubilatione:
811 1304 841 1354 ct
855 1297 1001 1354 Dominus
1015 1298 1047 1355 in
1060 1319 1132 1357 voce
1145 1300 1237 1373 tubae,
1253 1302 1384 1380 alleluya.

288 1377 406 1435 ›S'ecretu

288 1458 417 1536 Suscipe,
443 1459 579 1530 Domine,
602 1479 726 1516 munera
753 1479 818 1534 quae
845 1478 900 1534 pro
927 1458 998 1515 Filii
1024 1461 1071 1516 tui
1104 1460 1233 1538 gloriosa
1263 1466 1419 1523 ascensione

228 1538 402 1611 deferimus3
423 1548 453 1598 et
467 1541 590 1598 concede
605 1540 759 1616 propitius,
773 1547 808 1596 ut
822 1548 852 1596 et
867 1561 885 1596 a
898 1541 1091 1616 praesentibus
1111 1543 1252 1618 periculis
1271 1545 1419 1605 liberemur

227 1622 308 1679 etad
321 1623 414 1678 vit-uu
428 1623 633 1698 perveniamus
646 1630 795 1678 aeternam.
838 1620 897 1678 Per
911 1621 1082 1679 Dominum.

287 1703 435 1777 Praesidio.
479 1702 538 1771 Qui
551 1708 617 1778 post
631 1703 873 1759 resurrectionem
887 1711 913 1759 et
927 1701 1193 1762 communicantes

288 1783 467 1841 Corumunio.

285 1863 409 1920 Psallite
432 1864 561 1921 Domino
583 1865 635 1940 qui
661 1863 792 1920 ascendit
819 1883 907 1939 supm
933 1863 1018 1921 caelos
1044 1865 1183 1922 caelorum
1210 1867 1250 1924 ad
1276 1869 1415 1940 orientem,

226 1943 361 2018 alleluya

287 2025 527 2084 Postromurunia

287 2104 400 2161 Praesta
421 2106 514 2175 nobis,
537 2125 711 2181 quaesumus,
735 2105 920 2181 omnipotens
941 2111 972 2163 et
994 2107 1158 2165 misericors
1185 2109 1278 2183 Deus,
1301 2117 1337 2169 ut
1362 2130 1415 2188 qua

224 2183 389 2242 visibilibus
404 2186 552 2261 mysteriis
565 2187 707 2244 sumenda
720 2187 911 2263 percepimus,
926 2187 1071 2244 invisibili
1084 2209 1300 2266 consequamur
1312 2193 1412 2251 effectu

227 2264 287 2322 Per
301 2266 470 2324 Dominum.

709 2445 809 2502 Facu
833 2445 961 2521 Saxrass

289 2589 426 2664 Officium.
471 2591 541 2647 Viri
555 2591 678 2648 Galilaei.

287 2672 335 2728 Ps.
380 2673 489 2729 Omnes
502 2680 611 2749 gentes,
627 2672 759 2748 plaudite
774 2672 916 2730 manibus.

287 2769 419 2839 Quotidie
428 2792 483 2846 per
498 2771 618 2829 Octavus
632 2771 770 2827 dicontur
784 2770 951 2826 alternatim
964 2770 1026 2826 istoe
1039 2770 1106 2827 doae
1119 2771 1282 2847 Sequentia
1297 2771 1413 2855 [quaudo

226 2851 260 2908 de
274 2851 443 2909 Asceasioue
456 2853 562 2927 dcitur,
578 2861 691 2927 eccepto
705 2851 860 2908 Dominica
875 2861 900 2907 et
914 2851 960 2907 die
974 2851 1180 2910 octava—MS.
1198 2851 1250 2934 D].

307 2958 397 3015 Sonat
411 2979 471 3015 vox
484 2959 615 3015 fidelium
629 2957 756 3030 alleluya

307 3040 425 3096 Christo
439 3040 501 3115 regi
514 3039 551 3095 ad
564 3038 689 3114 gloriam

307 3121 466 3177 Scandenti
480 3129 545 3196 post
559 3118 719 3176 victoriam.

305 3201 386 3257 Nam
399 3201 482 3258 hoste
495 3202 618 3275 antiquo

306 3281 380 3355 Ejus
393 3289 488 3338 morte
502 3281 589 3351 victu,

307 3361 392 3418 Clara
406 3368 556 3436 susceptus
569 3361 648 3416 nube

307 3442 400 3497 Oaelos
413 3442 544 3499 ascendit
558 3441 643 3496 hodie
655 3460 663 3511 3

306 3522 347 3578 Et
361 3543 449 3598 quam
463 3521 610 3598 captivam
624 3521 727 3578 mortis
741 3522 814 3597 sub§
825 3522 897 3597 jugo
911 3521 1003 3577 hostis
1016 3527 1173 3596 presserat,

306 3603 425 3659 Natura
438 3610 545 3673 nostra,
561 3602 619 3659 Dei
632 3603 717 3659 uuita
732 3602 840 3675 Verb0,
853 3603 916 3677 jum
930 3612 1041 3678 regnat,

306 3682 404 3739 Patris
418 3684 520 3740 sedens
533 3683 570 3740 ad
584 3683 743 3740 dexteram.

306 3763 332 3820 O
347 3784 435 3838 quam
449 3765 524 3821 mira
538 3764 596 3821 Dei
609 3765 709 3840 pietas,

305 3843 364 3900 Per
377 3865 466 3919 quam
479 3852 580 3901 nostra
593 3847 633 3901 sic
648 3846 803 3921 captivitas

304 3925 450 3982 Libertati
464 3927 604 3983 redditur.

459 4103 472 4126 ³*
483 4102 535 4148 ΜΒ.
547 4102 710 4161 D-—petimus
900 4101 913 4161 †
923 4101 975 4146 MS.
988 4101 1185 4147 D-sanctorum.

268 4198 281 4266 t
300 4196 401 4250 (dimidie
411 4210 456 4255 per
473 4196 568 4240 Octavus
584 4194 672 4254 quondo
681 4194 712 4254 fit
726 4193 841 4239 servitium
856 4192 883 4238 de
898 4193 1033 4239 decursione
1049 4193 1081 4238 cd
1093 4192 1196 4238 Missum.
1230 4193 1337 4253 Officium.
1367 4189 1414 4238 Viu'

225 4256 325 4301 Galiboi.
356 4257 394 4301 Pe.
413 4256 500 4300 Omnes
511 4257 602 4312 gentes.
636 4253 715 4298 Oratio
730 4259 750 4297 et
765 4260 839 4298 cetera
853 4251 911 4297 sicut
926 4254 950 4298 tn
966 4253 1014 4306 die,-
1028 4253 1062 4298 ita
1076 4253 1137 4312 qaeod
1151 4251 1271 4320 (podatum)
1287 4252 1390 4310 alleluya
1403 4262 1414 4293 a

222 4315 305 4361 daubata
315 4315 445 4361 Itectoribas
458 4313 534 4364 etad,
544 4318 564 4357 et
579 4313 696 4357 seeundum
711 4313 816 4370 alleluya
830 4326 845 4355 a
860 4310 943 4355 duobus
958 4312 1056 4357 Vicariis
1070 4311 1095 4356 ia
1108 4310 1176 4370 Copta
1189 4310 1267 4356 sericis
1273 4325 1318 4369 per
1327 4311 1415 4357 Succen-

222 4381 291 4419 tcr·em
302 4375 421 4433 ossiynotir
429 4373 544 4433 yrodetim
555 4371 716 4417 ‹tescetdeudm
732 4377 752 4415 et
761 4371 831 4433 eistat
841 4370 962 4415 Servitium
973 4371 999 4416 de
1009 4370 1087 4431 aliquo
1096 4370 1180 4416 Sancto
1189 4368 1255 4430 iffae
1265 4369 1307 4416 tas
1319 4371 1414 4420 Octavus,

222 4435 338 4479 sedendam
349 4435 450 4493 alleluya
461 4432 503 4478 erit
514 4431 632 4476 Ascendit
643 4429 799 4474 Deus-MS.
811 4428 841 4472 D.

582 4522 595 4584 ξ
611 4521 644 4568 So
654 4520 738 4578 MSS.;
755 4520 892 4566 Edd-sub
901 4521 985 4567 mortis
995 4522 1060 4581 J'ugo.
