2918 4986
341 387 434 453 Dour.
457 387 537 453 asu
556 397 632 474 poet
656 387 793 454 Oetaeos
813 388 1021 456 Pentecostca
1218 393 1283 458 243

146 555 338 630 Offertmdaot.

144 636 280 708 Domine,
293 637 326 692 in
338 635 485 717 auxilium
498 655 598 693 meum
611 636 739 712 respice:
757 636 977 695 confundantur
986 645 1017 698 et
1030 643 1222 697 revereantur
1232 639 1284 718 qui

84 724 221 794 quaerunt
234 717 363 774 animam
376 736 480 788 meam,
495 723 531 774 ut
543 717 679 774 auferant
692 737 764 774 eam.

143 797 264 857 Secreto.

144 879 209 936 Dra
239 898 301 950 nos,
330 878 466 951 Domine,
494 885 677 936 sacramenta
708 878 877 936 custodiant
888 899 897 952 3
931 886 962 938 et
995 886 1097 938 contra
1126 881 1285 940 diabolicos

86 966 227 1018 tueantur
240 979 353 1036 semper
365 959 508 1018 incursus.
551 959 610 1017 Per
623 958 795 1016 Dominum.

147 1040 329 1100 Omnmaaio.

146 1122 281 1192 Domine,
295 1122 479 1179 memorabor
484 1119 610 1196 justitiae
624 1126 684 1178 tuse
698 1119 806 1179 solius:
826 1121 917 1193 Deus,
933 1121 1060 1180 docuisti
1078 1143 1125 1182 me
1144 1144 1162 1181 a
1181 1125 1287 1201 juven·

88 1208 152 1260 tute
165 1222 249 1261 mea:
270 1208 301 1261 et
313 1221 406 1278 usque
420 1202 453 1258 in
466 1207 613 1259 senectam
627 1206 657 1259 et
670 1201 794 1272 senium,
809 1200 902 1274 Deus,
917 1221 955 1260 ne
968 1203 1156 1282 derelinquas
1169 1225 1224 1264 me.

148 1283 390 1342 Poctoommuna'o.

147 1364 265 1423 Montes
298 1375 414 1421 nostras
448 1368 478 1420 et
512 1382 631 1438 corpora
661 1362 816 1439 possideat,
845 1382 1020 1438 quaesumus,
1049 1365 1187 1439 Domine,
1216 1365 1288 1425 doni

90 1445 210 1502 caelestis
230 1445 369 1522 operatio,
383 1450 419 1501 ut
439 1463 500 1501 non
519 1449 620 1500 noster
641 1462 744 1501 sensus
764 1443 796 1500 in
818 1445 912 1515 nobis,
928 1445 978 1502 sed
998 1445 1112 1523 jugiter
1132 1448 1196 1524 ejus
1216 1467 1287 1524 prae·

90 1525 189 1584 veniat
202 1526 329 1584 effectus.
372 1525 432 1582 Per
444 1524 608 1581 Dominum
621 1530 758 1582 nostrum
770 1524 793 1582 J
793 1543 884 1583 esum.

557 1698 656 1754 anm
678 1696 816 1765 Quaere.

148 1805 198 1863 Ad
211 1804 385 1865 Goloeecuscs
397 1802 434 1881 (i.
450 1802 567 1880 12-18).

149 1887 286 1944 Fratres:
308 1885 426 1942 Gratias
440 1885 553 1960 agimus
567 1883 631 1941 Deo
645 1901 735 1957 aequo
748 1883 789 1940 od
802 1888 837 1940 ut
850 1883 891 1941 sit
904 1883 936 1940 in
951 1884 1088 1944 omnibus
1106 1886 1169 1963 ipse
1182 1885 1290 1964 prinei·

91 1973 192 2043 patum
204 1973 318 2039 tenone,
332 1967 354 2024 J
355 1986 421 2023 esus
435 1965 572 2023 Christus
586 1963 733 2021 Dominus
746 1969 854 2023 noster.

148 2047 315 2106 Sacamum
328 2046 502 2104 Motthaeam
515 2045 556 2122 (c.
572 2044 686 2121 33-42).

148 2127 189 2186 In
208 2129 261 2186 illo
281 2134 421 2204 tempore,
436 2127 525 2185 Dixit
545 2127 568 2184 J
569 2145 635 2183 esus
653 2123 804 2201 discipulis
824 2124 903 2184 suis:
930 2125 1070 2186 Audistis
1086 2128 1157 2205 quia
1176 2129 1290 2188 dictum

88 2216 134 2266 est
156 2208 304 2286 antiquis:
336 2209 406 2266 Non
430 2206 595 2284 perjurabis
618 2226 708 2282 usquc
731 2206 772 2264 od
795 2211 825 2264 et
845 2206 960 2266 volenti
982 2211 1115 2268 mutuari
1133 2230 1152 2268 a
1174 2217 1206 2270 te
1228 2231 1290 2269 non

87 2291 238 2349 avertaris

573 2408 673 2464 Fama
694 2405 803 2467 sirm.

150 2515 201 2574 Ad
216 2514 398 2574 Timotheum
413 2514 441 2592 (l
457 2514 494 2574 oi.
507 2511 601 2592 ’1-16).

150 2597 324 2655 Carissimo:
355 2595 443 2653 Nihil
465 2594 622 2652 intulimus
646 2611 735 2668 aeque
758 2593 800 2649 ad
826 2592 875 2649 cui
901 2592 997 2652 honor
1018 2600 1051 2654 et
1075 2597 1233 2674 imperium
1256 2600 1289 2656 in

84 2678 308 2755 sempiternum.
350 2677 458 2734 Amen.

149 2758 317 2818 Secundum
329 2758 442 2816 Isaeum
455 2759 521 2833 (coc.
534 2754 614 2831 1-8)

150 2840 189 2896 In
201 2840 253 2897 illo
266 2846 407 2915 tempore,
422 2839 546 2895 Factum
560 2842 605 2893 est
617 2833 651 2892 in
663 2853 724 2891 una
737 2833 861 2906 dierum,
875 2834 999 2893 docente
1012 2837 1034 2894 J
1035 2856 1087 2894 esu
1100 2839 1242 2915 populum
1256 2841 1289 2898 in

80 2921 201 2998 templo
214 2941 304 2997 aeque
317 2921 358 2978 od
373 2938 468 2996 neque
481 2938 535 2994 ego
548 2916 613 2975 dico
627 2915 719 2988 vobis,
733 2914 766 2971 in
779 2935 838 2991 qua
850 2920 996 2992 potestate
1009 2917 1071 2977 haec
1084 2919 1166 2979 facio.
1386 2913 1387 2918 ἵ

215 3107 376 3166 Domuroa
396 3106 523 3165 Dncmr
543 3119 672 3163 samua
692 3117 765 3161 rosr
785 3101 926 3162 Ocruvas
947 3103 1168 3167 Parrnoosrns.
1235 3117 1240 3134 ·

153 3223 290 3300 Officium.

150 3306 258 3365 Justus
278 3326 318 3379 ee,
341 3305 478 3377 Domine,
498 3309 528 3361 et
549 3308 663 3361 rectum
682 3299 830 3379 jirdicium
852 3307 958 3361 tuum:
981 3304 1027 3363 sao
1047 3325 1115 3363 cum
1131 3327 1217 3369 servo
1238 3316 1292 3370 tuo
1332 3304 1334 3307 ’

90 3387 254 3445 secundum
267 3386 499 3445 misericordiam
511 3390 604 3442 tuam.

152 3468 296 3526 Pactmue.

151 3549 238 3606 Beati
250 3546 433 3606 immaculati
444 3546 478 3604 in
490 3545 558 3605 via:
579 3545 630 3623 qui
644 3544 799 3602 ambulant
812 3543 845 3600 in
859 3546 922 3623 loge
935 3545 1067 3606 Domini

152 3628 260 3689 Oratio.

151 3710 216 3768 Tua
239 3729 301 3783 nos,
325 3708 460 3782 Domine,
485 3726 661 3785 quaesumus,
683 3708 780 3783 gratia
802 3715 833 3768 et
856 3709 1017 3784 praeveniat
1040 3717 1071 3768 et
1093 3720 1243 3790 sequatur,
1257 3735 1291 3774 ac

88 3791 177 3850 bonis
190 3792 326 3868 operibus
335 3790 450 3867 jugiter
462 3795 583 3866 praestet
596 3807 657 3846 esse
671 3789 810 3849 intentos.
853 3790 912 3847 Per
925 3789 1097 3851 Dominum.

153 3871 203 3931 Aa
213 3871 354 3948 Ephesios
367 3872 421 3949 (iv.
436 3870 514 3947 1-6).

151 3953 288 4012 Fratres:
314 3952 441 4010 Obsecro
461 3971 516 4008 vos
538 3969 591 4027 ego
613 3949 730 4008 vinctus
749 3951 782 4008 in
801 3951 931 4009 Domino
954 3972 1045 4028 aeque
1068 3955 1110 4014 od
1130 3957 1183 4032 qui
1204 3977 1291 4035 super

92 4054 193 4093 omnes
211 4041 241 4092 et
258 4053 311 4111 per
328 4033 428 4091 omnia
446 4038 476 4090 et
493 4033 526 4089 in
544 4031 681 4089 omnibus
693 4031 787 4105 vobis,
807 4032 868 4102 Qui
885 4032 1118 4094 estbenedictus
1134 4037 1169 4094 in
1185 4039 1291 4098 saeoula

91 4115 271 4174 saeculorum.
313 4114 422 4174 Amen.

154 4195 288 4254 Grodcte.

152 4276 256 4336 Unam
266 4275 340 4353 petii
349 4295 368 4333 a
378 4274 521 4348 Domino,
537 4274 614 4332 hanc
623 4274 785 4351 requiram:
800 4279 835 4332 ut
844 4273 1010 4334 inhabitem
1018 4274 1051 4333 in
1061 4276 1148 4335 domo
1156 4281 1288 4341 Domini.

98 4358 126 4420 V.
152 4357 201 4417 Ut
213 4357 331 4416 videam
343 4356 531 4415 voluntatem
543 4355 685 4414 Domini:
713 4362 744 4414 et
756 4361 893 4434 protegar
906 4375 924 4414 a
936 4356 1047 4433 templo
1060 4365 1162 4418 sancto
1176 4362 1247 4437 ejus

151 4438 301 4516 Alleluya.
349 4437 385 4499 V,
403 4436 593 4495 Oonfitemini
607 4437 744 4511 Domino,
759 4442 790 4495 et
806 4437 942 4497 invocate
954 4456 1063 4498 nomen
1076 4440 1158 4517 ejus:
1178 4462 1292 4503 annun·

91 4520 165 4581 tiate
177 4520 258 4580 inter
270 4524 373 4600 gentes
386 4537 474 4596 opera
487 4519 558 4594 ejus.
