2918 4986
303 411 304 414 ,
344 357 437 423 Doni.
460 381 489 422 a.
509 366 584 442 post
609 361 743 425 Oetaeos
765 359 969 431 Pentecosten
1189 366 1251 428 231

116 523 284 581 smmum
298 483 412 583 auiam
425 524 482 597 (a.
500 525 609 601 3111)

115 603 154 662 In
175 604 228 662 illo
249 610 389 681 tempore,
415 605 553 682 Rogabat
574 607 681 664 Jesum
703 607 824 683 quidam
847 607 1020 680 Pharisaeus,
1043 615 1078 666 ut
1099 610 1257 687 pranderet

59 704 147 761 raquo
160 687 201 743 od
213 705 275 743 non
288 687 411 763 tangitis
425 688 561 745 sarcinas,
581 717 589 737 ·

253 876 413 935 Dounucs
434 876 560 934 Ducum
582 893 652 935 rosr
673 876 814 936 oomvis
836 876 1056 936 Prnrncosrns.

122 997 263 1072 Officium.

116 1078 199 1136 Dum
226 1078 383 1136 clamarem
403 1078 441 1135 ad
469 1077 641 1149 Dominum,
662 1078 818 1135 exaudivit
844 1097 945 1136 vocem
967 1098 1062 1136 meam
1082 1079 1120 1137 ab
1140 1079 1186 1136 his
1207 1080 1260 1156 qni

60 1161 293 1238 appropinquant
307 1159 401 1216 mihi:
423 1164 454 1216 et
468 1159 640 1216 humiliavit
653 1179 702 1217 eos
716 1159 768 1236 qui
782 1164 910 1217 estante
930 1159 1035 1216 saeeula
1055 1166 1086 1217 et
1106 1166 1207 1219 manet
1226 1161 1260 1217 in

62 1247 216 1299 aternum:
234 1241 316 1317 jacta
329 1241 491 1318 cogitatum
505 1248 592 1297 tuum
606 1241 639 1296 in
653 1240 792 1310 Domin0‚
808 1245 838 1298 et
851 1241 914 1316 ipse
927 1247 958 1298 te
972 1241 1109 1299 enutriet.

117 1339 263 1395 Pantitae.

117 1419 245 1489 Exaudi,
267 1418 358 1488 Deus,
380 1419 542 1475 orationem
566 1437 683 1476 meam:
720 1426 751 1476 et
772 1438 810 1476 ne
835 1418 1000 1497 despexeris
1025 1418 1260 1495 deprecationem

63 1520 160 1573 meam,
174 1501 296 1557 intende
311 1500 386 1557 mihi
400 1508 430 1557 et
444 1501 552 1557 exaudi
566 1520 620 1557 me.

119 1582 227 1639 Oratio,

116 1662 244 1720 Pateant
266 1682 351 1719 aures
374 1663 579 1720 misericordiae
602 1668 670 1733 tuae,
696 1663 832 1729 Domine,
854 1662 988 1738 precibus
1009 1660 1260 1738 supplicantium:

62 1749 89 1801 et
112 1749 147 1800 ut
174 1744 344 1819 petentibus
368 1744 531 1800 desiderata
559 1744 707 1815 concedas,
730 1743 775 1800 fac
800 1763 847 1800 eos
875 1762 941 1818 quae
969 1742 1026 1799 tibi
1053 1742 1163 1818 placita
1189 1749 1259 1799 sunt

61 1824 212 1902 postulare.
257 1824 316 1881 Per
336 1825 506 1882 Dominum.
813 1844 814 1849 ¹

116 1921 166 1980 Ad
186 1922 354 1980 Corinthios
372 1923 406 1998 (l
428 1924 479 1979 ali.
497 1922 595 1999 2-11).

117 2004 254 2060 Fratres:
277 2004 372 2072 Scitis,
391 2005 538 2080 quoniam,
559 2024 626 2059 cum
644 2009 745 2077 gentos
764 2003 865 2059 essetis
885 2021 975 2076 usqae
998 2004 1038 2058 od
1062 2002 1136 2058 Haec
1158 2006 1258 2059 autem

62 2085 155 2142 omnia
169 2091 308 2160 operatur
321 2105 398 2141 unus
412 2093 501 2160 atque
515 2086 593 2141 idem
609 2085 744 2161 Spiritus,
761 2084 896 2142 dividens
910 2084 1033 2160 singulis
1046 2091 1135 2160 prout
1149 2082 1223 2140 vult.

121 2166 254 2223 Crodal.

118 2246 242 2304 Custodi
256 2265 311 2315 me,
328 2245 463 2316 Domine,
479 2254 514 2303 ut
528 2247 671 2323 pupillam
686 2246 782 2304 oculi:
809 2246 864 2304 sub
882 2246 988 2303 umbra
1004 2245 1118 2303 alarum
1139 2251 1258 2303 tuarum

61 2332 177 2403 protege
191 2346 246 2383 me.

68 2407 93 2466 V.
119 2409 165 2465 De
179 2408 267 2463 vultu
281 2413 333 2464 tuo
343 2408 490 2484 judicium
504 2429 601 2466 meum
616 2409 738 2484 prodeat
752 2429 757 2465 :
780 2409 858 2465 oculi
871 2409 917 2465 tui
931 2408 1052 2465 videant
1067 2407 1227 2483 aequitates.
1246 2464 1248 2468 Α

117 2488 265 2564 Alleluya.
315 2489 342 2545 V.
376 2490 416 2546 Te
441 2490 524 2546 decet
547 2490 683 2565 hymnus,
706 2490 796 2559 Deua,
819 2491 852 2545 in
873 2489 962 2546 Sion:
985 2495 1016 2545 et
1039 2489 1096 2545 tibi
1120 2488 1259 2546 reddetur

62 2576 160 2627 votum
174 2571 206 2625 in
222 2570 418 2626 Hierusalem.

116 2666 284 2724 Seczrndam
298 2667 409 2723 Lucum
424 2667 498 2742 (aia.
516 2665 631 2742 il-ll')

116 2748 156 2804 In
182 2748 234 2803 illo
261 2754 401 2823 tempore,
428 2749 504 2805 Cum
528 2747 791 2823 appropinquasset
814 2746 902 2804 Jesus
931 2746 1128 2817 Hierusalem,
1154 2745 1258 2803 videns

61 2827 208 2884 civitatem
232 2829 316 2885 flevit
340 2849 427 2904 super
451 2830 532 2884 illam
553 2849 642 2903 ‘osque
663 2829 703 2884 od
727 2827 895 2902 speluncam
919 2827 1075 2882 latronum.
1129 2827 1170 2883 Et
1194 2833 1259 2884 erat

62 2909 162 2966 docens
176 2910 308 2984 quotidie
325 2910 358 2966 in
372 2911 491 2986 temple.

119 2989 313 3063 Qffertoriam.
978 3054 980 3072 Ι

117 3072 167 3127 Ad
181 3078 221 3141 te,
239 3072 373 3136 Domine,
389 3072 486 3128 levavi
500 3072 629 3128 animam
643 3091 750 3127 meam:
766 3070 848 3126 Deus
863 3089 952 3139 meus,
968 3070 999 3124 in
1014 3075 1044 3125 te
1058 3069 1180 3140 confido,
1195 3088 1256 3132 non

61 3153 233 3221 erubescam,
248 3172 343 3227 neque
368 3153 510 3208 irrideant
535 3173 580 3209 me
603 3153 714 3209 inimici
735 3153 802 3222 mei,
822 3152 932 3208 etenim
948 3150 1082 3207 universi
1097 3151 1149 3224 qui
1162 3156 1192 3206 tc
1206 3170 1256 3206 ex-

60 3239 199 3307 spectant,
214 3253 275 3289 non
289 3234 514 3290 confimdentur.

112 3309 238 3371 ¹siemera.

118 3394 250 3452 Concede
263 3395 348 3450 nobis
361 3395 431 3464 haec,
447 3415 622 3471 quaesumus,
638 3395 773 3466 Domine,
789 3394 876 3469 digne
889 3393 1075 3468 frequentare
1093 3393 1232 3468 mysteria
1244 3413 1252 3464 ;

60 3475 127 3550 quia
153 3476 268 3550 quoties
295 3476 383 3550 hujus
407 3477 510 3533 hostire
538 3477 774 3533 commemoratio
798 3476 969 3547 celebratur,
992 3494 1064 3551 opus
1085 3481 1192 3531 nostras
1212 3493 1256 3531 re-

59 3556 234 3632 demptionis
248 3564 408 3614 exeroetur.
452 3558 511 3614 Per
525 3558 695 3614 Dominum.

118 3651 300 3711 Communia

117 3733 295 3810 Acceptabis
325 3735 499 3792 sacrificium
523 3734 660 3810 justitia,
685 3735 856 3805 oblationes,
886 3740 916 3792 et
943 3732 1133 3791 holocausta:
1168 3753 1256 3810 super

57 3813 149 3871 altare
162 3821 247 3870 tuum
263 3814 398 3873 Domine.

116 3895 356 3954 Postcommuoio.

116 3975 176 4032 Tui
197 3977 291 4048 nobis,
316 3977 454 4048 Domine,
476 3978 538 4036 haec
565 3977 731 4035 communio
759 3977 943 4047 sacramenti,
965 3983 995 4034 et
1019 3977 1253 4054 purificationem

55 4056 170 4115 tribuat
184 4063 215 4115 et
228 4059 360 4116 conferat
373 4059 525 4117 unitatem.
571 4059 629 4116 Per
643 4058 813 4116 Dominum.

525 4271 626 4329 anm
647 4271 783 4341 Quiane

115 4401 167 4459 Ad
183 4400 350 4459 Corinthios
363 4401 397 4478 (l
413 4422 458 4459 aa.
475 4402 590 4479 39-46).

115 4483 255 4541 Fratres:
277 4483 308 4540 N
310 4503 347 4542 on
362 4484 456 4540 omnis
469 4502 536 4541 caro
550 4484 651 4540 eadem
665 4502 731 4540 caro
745 4483 889 4557 usquead
902 4481 1008 4540 deinde
1021 4480 1099 4556 quod
1114 4479 1252 4556 spiritale.
