2918 4986
505 330 607 396 Falto
621 352 653 396 v:
664 329 707 395 la
721 329 776 395 dic
794 329 898 396 Oeace.

163 497 342 574 Antcpboau.

163 579 215 636 Ab
228 578 398 637 hominibus
411 578 522 655 iniquis
535 578 629 636 libera
641 598 697 651 me,
713 577 850 636 Domine.

162 658 301 717 Prolatus
314 660 441 739 (mxcix.
458 658 578 737 (140)).

163 740 254 816 Eripe
267 760 322 812 me,
339 740 475 808 Domine,
490 740 527 797 ab
541 740 660 798 homine
673 739 769 797 malo:
789 759 807 798 a
820 739 885 796 viro
898 739 1002 816 iniquo
1016 739 1096 816 eripe
1108 759 1163 798 mc.

164 821 224 890 Qui
237 821 443 898 cogitaverunt
456 821 630 896 iniquitates
644 821 676 878 in
690 820 775 879 corde
787 841 793 878 :
814 826 879 878 tota
898 820 946 878 die
960 820 1180 878 constituebant
1192 821 1301 899 praelia

162 901 319 959 Aouerunt
332 902 449 979 linguas
463 921 530 958 suas
545 902 622 959 sicut
636 907 803 979 serpentes:
824 919 973 958 vencnum
990 901 1126 978 aspidum
1143 903 1198 960 sub
1218 903 1304 962 labiis

105 1001 287 1156 eo'nilndistodi
304 1082 360 1136 me,
376 1063 514 1136 Domine,
530 1063 567 1121 de
586 1082 677 1120 manu
697 1062 875 1139 peccatoris:
896 1068 926 1119 et
947 1062 985 1120 ab
1004 1061 1173 1122 hominibus
1193 1065 1304 1142 iniquis

72 1188 74 1195 Ι
105 1162 450 1318 erlpilii&cogitauerunt
472 1225 662 1303 supplantare
683 1243 798 1301 gressus
819 1242 917 1282 meos:
948 1224 1165 1283 absconderunt
1185 1227 1304 1304 superbi

105 1305 317 1479 lucil-{puppem
318 1324 523 1444 1cirtendcrunt
542 1386 576 1443 in
595 1386 752 1462 laqueum:
769 1385 860 1462 juxta
879 1385 938 1442 iter
951 1385 1126 1448 scandalum
1141 1394 1304 1463 posuerunt

106 1465 239 1641 Qffi
259 1546 389 1604 Domino
398 1567 408 1620 3
427 1547 509 1605 Deus
529 1567 612 1605 meus
632 1566 662 1604 es
682 1552 735 1604 tu:
756 1546 874 1619 exaudi,
890 1546 1027 1618 Domine,
1044 1567 1146 1605 vocem
1170 1548 1303 1625 depreca-

105 1634 301 1802 bonfiolplppaep
315 1709 452 1781 Domine,
467 1709 563 1766 virtus
576 1708 680 1766 salutis
693 1728 765 1766 meae
778 1729 785 1765 :
805 1708 989 1766 obumbrasti
1002 1728 1090 1786 super
1103 1715 1192 1786 caput
1204 1731 1303 1769 mcum

105 1809 135 1846 m
149 1789 358 1928 didacidelltliadas
379 1889 435 1938 me,
456 1869 593 1942 Domine,
611 1889 630 1927 a
653 1869 797 1928 desiderio
818 1889 884 1927 mco
907 1870 1070 1947 peccatori:
1098 1871 1304 1948 cogitaverunt

103 1956 206 2010 contra
218 1970 274 2024 mc,
290 1970 328 2009 ne
342 1950 528 2027 derelinquas
542 1970 598 2022 mc,
614 1970 652 2008 nc
665 1951 742 2008 forte
755 1950 889 2008 exaltent
876 1955 933 2008 tur.

164 2030 262 2109 Caput
275 2032 416 2090 circuitus
429 2051 548 2089 eorum:
570 2031 654 2088 labor
667 2030 835 2089 labiorum
826 2050 958 2107 1psorum
973 2031 1085 2109 operiet
1099 2052 1154 2091 eos.

165 2112 280 2170 Cadent
301 2132 389 2190 super
410 2131 459 2170 eos
477 2113 649 2186 carbones,
640 2132 673 2169 ιιι
694 2113 794 2189 ignem
811 2112 928 2188 dejicies
950 2131 1017 2171 eos:
1041 2113 1074 2171 in
1095 2114 1220 2172 miseriis
1241 2135 1303 2173 non

102 2193 255 2366 &umis-sid
229 2199 387 2351 1linguosus
399 2292 461 2332 non
470 2273 615 2351 dirigetur
624 2275 657 2331 in
666 2279 766 2332 terra:
787 2273 887 2330 virum
897 2273 1043 2350 injustum
1053 2275 1130 2332 mala
1140 2276 1280 2353 capient
1270 2297 1303 2333 ιιι

103 2360 296 2512 ωῂθὲιξέιιοιι
316 2435 387 2512 quia
407 2435 496 2494 faciet
517 2435 664 2493 Dominus
688 2435 836 2510 judicium
857 2435 973 2511 inopis:
998 2441 1029 2493 ct
1050 2437 1213 2495 vindictam
1233 2458 1303 2515 pau-

102 2535 378 2655 perullddmmtamcn
395 2596 473 2674 justi
495 2597 717 2654 confitebuntur
738 2596 853 2654 nomini
873 2602 945 2654 tuo:
975 2602 1006 2655 et
1027 2597 1207 2656 habitabunt
1227 2600 1303 2658 recti

105 2677 384 2816 cumssffilt-u-ffigria
398 2759 475 2816 sicut
489 2764 561 2817 erat.
785 2752 860 2836 [MS.
878 2756 1029 2816 D.-Aat.
1062 2758 1114 2816 Ab
1132 2759 1300 2818 hominibus

721 2837 832 2913 iniquis
845 2837 940 2895 libera
953 2835 1023 2918 me]

162 2919 339 2995 Antiphone.

163 2998 286 3058 Custodi
305 3020 388 3058 mea
406 3001 511 3077 laqueo
527 3018 616 3075 quem
635 3004 806 3057 statuerunt
825 2998 918 3057 mihi:
939 3004 969 3056 ct
986 3019 1005 3056 a
1024 2999 1167 3058 scandalis
1181 3020 1301 3078 operan-

87 3136 91 3146 ,
102 3080 178 3138 tium
192 3081 389 3157 iniquitatem.

161 3160 302 3219 Pacbaua
315 3162 384 3238 (ccl.
399 3161 520 3240 (141))

161 3241 300 3314 Domine,
316 3242 442 3300 clamavi
459 3243 497 3300 ad
516 3249 555 3316 tc,
570 3240 680 3300 exaudi
697 3260 762 3299 me:
790 3241 912 3299 intende
929 3240 994 3299 voci
1011 3261 1091 3314 meae,
1110 3262 1177 3299 cum
1195 3244 1300 3303 clama

103 3323 320 3480 vcrffippffi
346 3404 440 3461 oratio
466 3423 531 3461 mea
554 3404 631 3462 sicut
652 3404 806 3461 incensum
832 3403 866 3460 in
888 3408 1046 3480 conspectu
1071 3410 1142 3462 tuo:
1174 3407 1300 3466 clevatio

104 3502 245 3542 manuum
258 3504 389 3542 mearum
403 3485 577 3542 sacrificium
591 3486 799 3560 vespertinum.

151 3564 254 3658 ‘Ponc,
270 3565 407 3640 Domine,
425 3566 589 3623 custodiam
607 3566 653 3623 ori
670 3584 753 3624 meo:
782 3570 813 3623 et
833 3563 942 3623 ostium
962 3566 1191 3626 circumstantiae
1213 3569 1300 3627 labiis

103 3664 235 3784 meum
255 3727 383 3786 declines
404 3747 570 3786 cormeum
591 3726 625 3783 in
642 3726 734 3791 verba
753 3725 892 3784 malitiae:
920 3726 959 3784 ad
980 3729 1160 3787 excusandas
1182 3749 1299 3789 excusa

104 3805 197 3865 tiones
216 3807 249 3864 in
268 3809 403 3884 peccatis.

119 3966 130 4024 l
146 3887 421 4026 οἓθιιιιι1κιιιι1ιιὶἰιιιι
437 3889 626 3966 operantibus
642 3887 850 3964 iniquitatem:
871 3892 901 3944 et
918 3906 980 3946 non
997 3891 1218 3950 communicabo
1231 3912 1298 3950 cum

100 3985 145 4025 ee
161 3988 369 4126 Οοιθιῗῖιιὶξῖιιιθ
385 4053 486 4128 justus
499 4051 531 4108 in
548 4049 755 4122 misericordia,
771 4054 802 4106 et
819 4048 985 4126 increpabit
1002 4071 1067 4110 mc:
1088 4052 1186 4111 oleum
1198 4059 1298 4111 autem

103 4131 262 4205 peccatoris
275 4151 336 4191 non
349 4132 515 4209 impinguet
528 4139 617 4207 caput
630 4150 737 4188 mcum.

162 4210 310 4281 Quoniam
327 4213 424 4272 adhuc
441 4219 472 4271 ct
489 4214 583 4271 oratio
601 4231 667 4269 mea
684 4211 717 4269 in
735 4210 925 4286 beneplacitis
938 4231 1058 4271 eorum:
1078 4213 1210 4290 absorpti
1227 4220 1298 4272 sunt

100 4291 198 4366 juncti
211 4299 302 4369 petrae
312 4293 427 4370 judices
440 4313 550 4354 eorum.

160 4374 298 4432 Audierit
320 4376 411 4433 verba
436 4394 510 4449 mea,
539 4374 679 4452 quoniam
706 4378 886 4451 potuerunt:
921 4373 997 4434 sicut
1024 4374 1185 4434 crassitudo
1211 4381 1298 4435 terrac

103 4460 266 4533 erupta'est
279 4475 368 4533 super
381 4463 502 4526 terram,
